2080 2744
443 221 796 259 COMMENTATIO
821 229 871 256 AD
894 222 1238 266 QUAESTIONEM
1262 223 1597 260 ZOOLOGICAM.
1815 233 1856 266 43

175 319 258 352 Mox
276 326 311 351 os
331 314 519 361 hyo'z'deum
531 315 714 357 linguaque
730 315 766 347 in
781 314 887 346 altum
904 312 1090 353 tolluntur,
1115 325 1212 346 nares
1231 314 1454 354 clauduntur,
1479 329 1536 349 aer
1555 328 1763 361 compressus
1785 333 1846 364 per

174 375 295 407 rimam
327 372 475 417 laryngis
500 371 677 414 pulmones
705 372 822 403 intrat.
874 370 961 402 lnde
997 369 1255 411 intelligendum
1285 383 1389 416 quare
1415 385 1516 405 ranae
1540 374 1747 408 suffocentur
1774 387 1851 410 cum

174 441 290 463 earum
315 440 349 461 os
378 430 411 461 vi
435 437 590 472 apertum
608 436 789 460 teneamus.
835 426 882 457 Os
903 424 1088 469 hyo'i'deum
1109 434 1182 459 tum
1207 427 1297 461 enim
1318 439 1382 460 nec
1410 428 1558 472 deprimi
1578 438 1612 462 et
1639 442 1702 462 nec
1727 430 1853 465 elevari

171 494 301 532 potest,
322 486 499 529 respiratio
525 484 627 526 igitur
651 491 773 523 cessat,
797 482 989 526 animalque
1012 482 1155 513 moritur
1178 483 1256 525 (1).

215 543 402 585 Cuiusnam
432 553 510 573 usus
539 541 582 572 sit
607 540 721 582 lingua
747 539 784 570 in
813 538 1003 576 coaxando,
1035 539 1166 582 primus
1200 539 1364 573 indicavit
1402 540 1563 572 Petrus
1596 541 1848 585 Camperus,

172 601 315 632 nostras!
341 599 413 639 (2).
443 598 515 628 Aer
538 597 722 640 inspiratus
751 608 768 628 a
790 595 873 627 rana
906 607 968 638 per
990 595 1110 626 rimam
1139 593 1286 638 laryngis
1316 596 1512 639 superficiei
1536 597 1690 630 inferiori
1716 599 1850 641 linguae

169 654 385 698 apprimitur.
429 653 576 694 Hujusce
599 653 686 684 acris
708 664 775 683 una
796 661 876 696 pars
896 650 1131 688 dextrorsum,
1156 650 1259 684 altera
1287 664 1366 695 pars
1393 652 1624 685 sinistrorsum
1648 655 1777 693 tendit,
1803 658 1848 698 (a

168 709 431 752 protuberantia
456 709 547 739 euim
570 720 655 752 quae
676 715 782 739 totam
805 706 954 747 linguam
977 707 1094 738 subtus
1120 707 1155 738 in
1174 707 1257 739 duas
1279 707 1403 741 dividit
1427 717 1566 751 partes,
1593 710 1634 741 ad
1661 711 1767 743 latera
1785 724 1845 744 re-

169 765 343 808 pellitur),
372 773 405 796 et
427 764 565 807 quidem
587 765 623 795 in
643 762 793 795 sacculos
816 763 1003 795 buccorum
1023 765 1317 804 membranaceos,
1351 764 1503 797 maxillae
1524 765 1679 797 inferiori
1704 769 1849 802 marium.

168 832 328 853 ranarum
363 819 610 853 esculentarum
631 819 863 852 adhaerentes.
907 819 993 852 Inde
1019 831 1196 864 expressus
1213 844 1222 860 ,
1248 834 1266 853 a
1294 820 1408 863 lingua
1432 821 1478 854 ita
1506 822 1685 861 vibratur,
1708 831 1746 855 ut
1770 824 1848 856 inde

169 878 296 909 oriatur
323 887 424 907 sonus
447 875 504 906 ille
533 875 685 905 raninus.

952 972 983 1012 ᾗ.
1034 971 1064 1003 5.

799 1054 927 1087 Nasus
965 1060 1001 1086 et
1034 1053 1217 1086 odoratus.

213 1167 385 1201 Odoratus
407 1177 456 1200 est
483 1179 598 1200 sensus
622 1168 753 1200 tertius.
797 1167 930 1200 Primus
954 1166 1022 1206 jam
1044 1174 1095 1197 est
1117 1177 1273 1197 sensuum
1298 1166 1452 1207 illorum,
1478 1167 1537 1211 qui
1561 1180 1686 1210 organo
1714 1169 1846 1203 indivi-

169 1223 262 1255 duali
289 1224 435 1266 praediti
455 1232 534 1254 sunt
556 1232 589 1255 et
613 1237 631 1254 a
667 1224 741 1255 Clo.
764 1220 970 1255 Huschke
993 1233 1107 1252 sensus
1130 1221 1256 1253 ideales
1283 1223 1418 1262 (ideale
1440 1223 1688 1268 Sitmorgane)
1718 1237 1847 1258 vocan-

168 1287 223 1309 tur
256 1278 344 1320 (5).
399 1278 514 1320 Quum
546 1277 636 1308 enim
665 1287 728 1308 nec
761 1283 869 1307 tactus
902 1284 965 1305 nec
1008 1281 1122 1314 gustus
1164 1286 1290 1316 organa
1330 1276 1498 1308 haberent
1536 1281 1602 1310 suis
1638 1289 1844 1314 tantummo-

167 1332 213 1366 do
247 1332 480 1366 functionibus
512 1333 731 1366 inservientia
765 1332 873 1373 (nam
907 1330 1066 1362 dermatis
1100 1330 1280 1374 primarius
1312 1344 1389 1364 usus
1423 1341 1472 1365 est
1493 1357 1502 1370 ,
1538 1345 1660 1379 corpus
1702 1344 1813 1378 tegere
1837 1362 1847 1377 ‚

1816 1405 1846 1424 e·

201 1488 256 1521 (ι)
279 1486 378 1515 Haecce
400 1489 451 1520 iam
468 1487 578 1512 aliorum
594 1487 641 1511 fide
657 1485 758 1511 innixus
772 1483 920 1518 credebam,
938 1491 1016 1516 quum
1033 1482 1100 1509 mihi
1118 1483 1306 1516 thsiologiam
1329 1483 1376 1513 Cli.
1394 1484 1421 1513 C.
1440 1486 1470 1513 A.
1489 1486 1534 1512 Ru
1545 1486 1622 1521 dolp
1633 1487 1665 1513 hi
1684 1487 1766 1521 legere
1783 1498 1846 1514 con-

166 1534 277 1566 tingeret
288 1554 295 1567 ,
313 1534 356 1567 qui
372 1533 444 1566 longe
463 1533 539 1558 aliter
557 1533 605 1557 hac
621 1533 651 1557 de
666 1542 693 1557 re
707 1532 768 1565 agit.

198 1580 286 1605 Primo
306 1589 410 1612 magnas
430 1585 514 1612 partes
536 1580 561 1603 in
579 1579 747 1610 deglutitione
768 1585 794 1602 et
816 1579 986 1611 respiratione
1002 1578 1127 1604 adscribit
1145 1579 1256 1605 saucium
1279 1580 1432 1614 elevationi),
1451 1582 1500 1614 qua
1517 1580 1581 1607 cibis
1598 1582 1780 1615 quodammodo
1797 1584 1844 1609 ob·-

165 1628 234 1653 viam
249 1632 310 1653 eunt
331 1627 430 1658 fauces,
449 1634 585 1658 eorumque
604 1625 760 1658 depressioni
772 1625 870 1657 egregie
887 1624 979 1651 favent.

197 1673 298 1700 Deinde
313 1673 387 1708 plane
403 1678 494 1706 negat,
511 1681 602 1705 ranas,
620 1681 663 1697 ore
680 1673 703 1697 vi
721 1677 829 1705 aperto,
844 1671 927 1697 vivere
945 1680 995 1697 non
1010 1680 1098 1706 posse,
1118 1678 1143 1699 et
1158 1674 1339 1707 experimentis
1357 1683 1371 1700 a
1386 1683 1411 1700 se
1430 1675 1483 1708 ipso
1499 1675 1626 1701 institutis
1647 1675 1758 1702 affirmat
1772 1687 1824 1703 sese
1835 1699 1842 1712 ,

164 1730 239 1749 ranas
266 1722 331 1756 gulis
353 1721 464 1755 apertis,
483 1729 527 1753 per
547 1720 639 1754 horas,
658 1720 728 1754 dies,
748 1721 799 1745 imo
816 1719 985 1745 hebdomades
1004 1720 1115 1753 integras
1136 1721 1204 1746 vivas
1223 1721 1370 1756 vividasquc
1387 1722 1487 1749 vidisse.
1523 1723 1638 1748 Aliorum
1664 1731 1721 1747 vero
1742 1725 1844 1756 experi-

166 1774 308 1795 mentorum
322 1769 453 1794 infelicem
470 1768 564 1793 exitum
580 1767 731 1793 inmersioni
748 1776 867 1793 ranarum
888 1767 914 1792 in
929 1777 1021 1802 aquam
1041 1769 1181 1803 adscribit,
1199 1770 1265 1795 unde
1281 1779 1380 1796 necesse
1401 1776 1471 1800 erat,
1490 1777 1518 1796 ut
1535 1772 1599 1804 aqua
1618 1770 1700 1803 gulam
1717 1771 1843 1805 intrante,

167 1817 259 1842 misere
275 1815 460 1842 suffocarentur
475 1816 605 1843 animalia.
626 1816 698 1843 Conf.
718 1816 746 1843 C.
766 1818 796 1844 A.
814 1815 993 1849 Rudolphi
1013 1815 1153 1841 Grundriss
1172 1816 1217 1841 der
1234 1817 1352 1851 Physiol.
1370 1823 1430 1844 tom.
1440 1817 1474 1844 II.
1493 1823 1560 1851 part.
1573 1827 1596 1845 2.
1615 1827 1672 1851 pag.
1690 1820 1722 1844 35
1741 1827 1765 1844 et
1785 1822 1841 1853 539.

202 1863 277 1890 Cous.
295 1863 466 1889 Herholdt
487 1863 682 1896 Anmerltungen
696 1863 760 1889 iiber
775 1864 817 1889 die
833 1862 1013 1896 Chirurgische
1024 1863 1192 1896 Behandlung
1206 1864 1282 1890 tieser
1298 1865 1433 1892 VVunden.
1452 1865 1568 1900 Kopcnh.
1585 1867 1657 1895 1801.
1683 1866 1707 1893 S.
1717 1869 1748 1892 48
1760 1869 1842 1894 -5ω,

169 1910 284 1937 Bulletin
299 1910 409 1938 Philom.
429 1920 460 1936 an
471 1921 494 1944 7.
520 1921 545 1938 n.
562 1914 602 1939 30.
629 1921 689 1946 page
707 1913 748 1939 42.
785 1912 814 1939 C.
833 1913 863 1939 A.
881 1910 1055 1945 Rudolphi
1083 1912 1158 1939 Anat.
1175 1910 1290 1945 Physiol.
1316 1911 1442 1939 Abhandl.
1471 1913 1496 1940 S.
1517 1915 1668 1941 113—-122,

204 1957 258 1992 (ρ.)
284 1957 505 1990 Verliaudelingen
522 1967 569 1983 van
586 1958 630 1984 het
646 1959 782 1985 Bataassch
796 1960 974 1996 Genootschap
991 1963 1035 1988 der
1048 1963 1181 1996 proefond,
1199 1962 1305 1996 wijsbeg.
1323 1968 1347 1988 te
1363 1962 1480 1988 Rotterd·
1500 1962 1573 1987 Tom.
1588 1962 1609 1987 Ι.
1628 1971 1652 1996 p-
1669 1964 1726 1989 250.

208 2004 259 2039 (5)
286 2003 410 2038 Beytr'a'ge
428 2014 472 2029 zur
491 2005 653 2038 Physiologie
670 2006 721 2031 und
740 2006 966 2040 Naturgeschichte
984 2019 1032 2036 von
1058 2010 1088 2038 E.
1106 2010 1279 2044 Huschke,
1300 2020 1311 2036 1
1324 2009 1408 2037 Band.
1436 2009 1559 2035 &Veimar
1579 2011 1651 2043 1827.
1677 2019 1702 2043 p.
1723 2018 1763 2043 99.

201 2050 242 2079 Cl.
260 2051 432 2085 Huschke,
457 2052 565 2078 Okeni
593 2053 751 2088 discipulus,
774 2056 815 2081 cui
838 2062 864 2082 et
889 2066 962 2084 suum
986 2058 1063 2084 hocce
1091 2058 1239 2094 opusculum
1264 2058 1373 2092 dicarit,
1400 2056 1582 2091 Pliilosopl1Iae
1605 2056 1837 2089 Schellingii¹

171 2106 235 2131 quae
260 2097 354 2125 dicitur
378 2101 679 2136 Izleal-Plzilosoplzie‚²
696 2105 978 2140 Natur-plzilosoplzie
1001 2111 1068 2132 totus
1095 2111 1203 2140 quantus
1230 2106 1345 2132 addictus
1373 2114 1427 2131 csse
1459 2104 1567 2131 videtur.
1609 2104 1705 2129 Huicce
1726 2104 1841 2138 philoso-

172 2144 249 2179 phiae
276 2144 307 2169 ad
335 2145 477 2170 naturalem
504 2146 640 2173 historiam
664 2150 804 2184 applicatae
831 2161 957 2178 summum
980 2159 1019 2180 est
1047 2154 1222 2189 propositum5
1246 2159 1274 2179 ut
1299 2153 1486 2178 demonstretur
1508 2151 1762 2184 uniuscujuseumque
1787 2150 1842 2175 sor-

173 2199 229 2217 mae
256 2191 395 2225 corporalis
412 2214 418 2225 ,
445 2198 606 2228 prototypum
633 2202 747 2231 exstare,
779 2199 805 2223 in
830 2199 998 2227 inferioribus
1019 2202 1186 2235 organismis,
1216 2206 1290 2234 atque
1319 2199 1409 2232 cuique
1433 2199 1564 2232 systemati
1595 2206 1744 2230 organorum
1770 2196 1844 2221 ordi-

173 2245 230 2263 nem
255 2238 398 2272 plantarum
422 2246 466 2265 aut
486 2241 635 2267 animalium
660 2245 792 2278 analogum
820 2256 882 2273 esse.
924 2248 965 2273 Sic
992 2248 1061 2284 fungi
1087 2250 1205 2275 dicuntur
1231 2249 1332 2282 plantae
1361 2246 1502 2272 radicarIae
1531 2245 1623 2279 quippe
1652 2245 1696 2278 qui
1727 2244 1839 2270 radicem

174 2284 299 2316 quandam
322 2287 400 2311 totins
425 2288 495 2320 regni
518 2288 663 2320 vegetabilis
685 2291 801 2320 offerunt.
844 2294 997 2321 Gramineae
1018 2296 1173 2322 caulinariae
1194 2295 1318 2328 audiunt,
1335 2294 1427 2328 quippe
1446 2301 1508 2326 quae
1529 2292 1625 2318 caulem
1649 2292 1720 2326 regni
1743 2298 1842 2323 vegeta-

174 2329 234 2356 bilis
255 2330 307 2357 sere
330 2332 457 2360 exhibent.
490 2335 524 2360 Et
546 2336 580 2361 sic
604 2336 729 2372 deinceps.
762 2339 844 2367 Hocce
873 2347 984 2375 systema
1010 2343 1071 2371 licet
1097 2344 1256 2377 ingeniosum
1278 2350 1331 2369 esse
1354 2341 1487 2374 videatur,
1504 2345 1538 2374 ⁵et
1567 2340 1698 2373 juvenibus
1725 2339 1842 2372 inprimis

1114 2391 1141 2423 F
1164 2401 1183 2423 2
1788 2385 1843 2410 lae-
