2080 2744
425 179 781 227 COMMENTATIO
805 184 857 212 An
880 174 1224 224 QUAESTIONEM
1248 175 1575 214 ZOOLOGICAM.
1814 195 1853 226 17

161 282 405 331 expansionem
447 284 594 310 acutam.
658 272 883 307 Brachiorum
920 269 1148 303 extremitates
1192 269 1381 302 anteriores
1425 270 1621 313 cartilagine
1662 280 1743 306 sunt
1780 274 1848 307 ob,

163 344 297 376 ductae.
340 332 547 378 superficies
570 327 729 372 interna,
753 330 812 373 (os
841 327 994 372 coccygis
1022 330 1211 371 spectans)
1235 326 1412 370 utriusque
1440 326 1600 370 brachii,
1631 329 1763 363 sulcum
1791 332 1848 363 of-

163 401 232 433 fert
251 391 405 428 musculo
430 388 738 431 isclzio-coceygio
762 384 947 418 inserendo
977 391 1106 426 aptum.
1163 381 1316 415 Posticae
1344 383 1571 417 extremitates
1593 395 1783 419 excurrunt
1811 388 1848 420 in

164 463 309 497 corpora
330 445 617 489 subirregularia‚
647 444 719 477 {ere
749 439 985 481 semilunaria,
1012 451 1100 484 quae
1124 439 1161 471 in
1186 447 1286 483 parte
1313 439 1487 482 superiore
1517 448 1552 472 et
1571 441 1733 475 inferiore
1760 455 1848 476 con·

162 508 356 547 currentia,
376 504 512 537 cristam
529 502 691 534 formant.
718 499 815 531 Inter
831 497 1042 542 superiorem
1062 503 1096 528 et
1113 495 1312 529 inferiorem
1326 494 1470 537 hujusce
1491 497 1610 529 cristae
1631 508 1763 542 partem
1784 513 1849 533 ccc·

162 568 258 601 vitas
277 569 420 609 apparet
444 558 695 596 rhomboidea,
727 565 813 600 quae
836 562 1028 587 antrorsum
1056 560 1212 595 spectat,
1237 563 1394 596 quaeque
1410 551 1518 595 pelvis
1541 553 1705 597 analogon
1729 556 1851 589 haberi

164 626 257 665 (pro
274 626 373 663 parte
397 614 543 656 saltem)
562 621 687 659 posset.
726 612 768 644 In
790 610 963 655 postrema
980 608 1191 642 extremitate
1216 609 1362 641 iliorum
1378 608 1578 643 tuberculus
1594 611 1761 644 videndus
1784 625 1850 656 ap-

163 684 282 722 paret,
307 685 389 708 cavo
409 671 584 716 globuloso
600 672 636 702 in
658 667 771 702 medio
787 666 961 712 praeditus
976 689 986 707 ,
1010 666 1164 710 quicum
1184 664 1423 707 hujuscemodi
1445 676 1526 701 cavo
1545 668 1582 700 in
1601 679 1671 702 osse
1692 669 1801 702 isc-7255·
1823 677 1856 701 et

161 734 273 778 pubis
285 757 294 769 ,
313 728 524 775 acetabulum
544 727 691 765 format,
710 723 853 767 capituli
870 722 1054 767 superioris
1078 722 1169 754 ossis
1181 721 1350 764 femoris,

211 785 420 830 Ceteroquin
439 795 475 816 os
495 782 608 815 isclzz'i
629 789 663 814 et
677 779 791 823 pubis
815 779 923 811 forma
949 781 1008 812 sua
1026 777 1271 821 subirregulari
1290 777 1444 813 lunulam
1465 780 1537 814 fere
1557 781 1722 815 exhibent
1748 782 1854 815 dimi-

169 846 280 887 diam,
309 842 436 885 ubique
459 840 563 874 crena
585 836 802 878 cartilaginea
821 837 978 869 cinctam.

964 931 998 975 ς.
1043 941 1074 964 2.

879 1017 973 1050 Ossa
1007 1015 1155 1058 capitis.

215 1126 334 1168 Caput
358 1121 395 1154 in
420 1127 532 1163 eoque
555 1117 741 1150 cerebram
770 1116 868 1150 sedes
897 1122 948 1148 est
967 1113 1054 1147 vitae
1084 1111 1251 1145 animalis.
1304 1110 1346 1145 In
1383 1114 1496 1157 capite
1520 1114 1622 1157 igitur
1648 1117 1724 1150 illae
1747 1127 1861 1163 partes

170 1193 257 1226 quae
277 1177 456 1213 cerebrum
474 1174 674 1213 continent,
689 1172 881 1206 essentiales
897 1184 907 1212 ς
933 1182 1021 1215 quae
1040 1169 1162 1203 faciem
1188 1169 1401 1202 constituunt
1413 1193 1423 1210 ,
1441 1171 1553 1204 minus
1576 1173 1767 1207 essentiales
1791 1186 1860 1207 esse

169 1235 343 1270 videntur.
385 1231 417 1265 A
439 1228 564 1263 cranio
586 1234 774 1271 propterea
797 1225 1048 1267 incipiendum.

998 1319 1042 1353 A.

173 1432 179 1447 ι
928 1405 1114 1439 cranium.

219 1515 395 1552 Granium
418 1512 456 1545 in
481 1509 592 1544 Rand
612 1507 800 1543 esculenta
824 1505 953 1539 formae
980 1511 1031 1537 est
1053 1503 1124 1537 sere
1148 1502 1380 1548 cylindricae,
1402 1515 1549 1550 superne
1577 1503 1699 1548 latum,
1731 1511 1864 1546 inferne

174 1576 287 1610 minus
303 1571 410 1604 latum
424 1569 528 1601 immo
548 1574 746 1610 angustum,
767 1563 878 1597 antice
896 1572 1148 1605 compressum,
1167 1562 1299 1604 postice
1316 1561 1467 1605 amplum
1482 1572 1546 1599 est.
1592 1566 1734 1601 Constat
1755 1571 1861 1613 quin-

177 1639 244 1675 que
266 1624 394 1660 ossibus
411 1631 422 1651 e
468 1632 498 1655 1.
527 1632 605 1654 osse
624 1618 849 1657 ethmoideo,
876 1615 930 1649 vel
959 1613 1079 1648 saltem
1106 1626 1186 1648 cum
1216 1617 1416 1649 etlzmoideo
1446 1616 1624 1654 hominum
1650 1622 1863 1668 aliquatenus

177 1684 316 1726 analogo
339 1676 565 1723 (Riechbein
588 1674 691 1709 Cari
714 1674 824 1718 (1))·
870 1681 902 1705 2.
925 1684 1004 1705 osse
1013 1672 1193 1715 frontalz',
1239 1670 1270 1707 5.
1293 1685 1372 1707 osse
1392 1673 1644 1717 splcaenoidali
1657 1701 1667 1719 ‚
1713 1681 1747 1714 4,
1769 1682 1862 1715 duo-

175 1743 242 1776 bus
269 1736 410 1771 ossibus
438 1732 720 1777 temporalibus,
742 1730 813 1764 sive
838 1726 950 1773 potius
974 1726 1242 1771 occipitalibue.

218 1797 262 1830 [n
289 1804 366 1827 osse
381 1791 543 1835 frontali
572 1797 607 1823 et
645 1786 897 1832 sphaenoz'dali
929 1785 1061 1827 egregie
1091 1785 1249 1818 enitescit
1275 1784 1364 1817 linea
1390 1785 1448 1818 illa
1482 1787 1659 1831 mediana,
1696 1792 1862 1828 indicium

180 1849 393 1899 symmetriae
414 1847 566 1880 omnium
590 1854 796 1888 organorum
818 1841 862 1875 ad
881 1839 1061 1874 animalem
1083 1840 1186 1874 vitam
1216 1842 1484 1884 pertinentium,
1512 1856 1531 1875 a
1552 1845 1761 1882 Bichatio
1795 1859 1863 1884 tarn

179 1910 350 1953 eleganter
373 1915 475 1949 quam
496 1902 660 1944 sagaciter
678 1896 983 1945 explanatam(2)·
1023 1896 1216 1941 Utrumque
1240 1896 1332 1930 enim
1357 1896 1490 1932 duabus
1511 1899 1667 1943 partibus
1689 1902 1861 1946 glutinatis

180 1968 241 2011 (ut
257 1964 305 1997 ita
327 1960 466 1998 dicam)
490 1957 718 1991 constituitur.
764 1953 834 1990 Sed
856 1952 1030 1989 videamus
1047 1952 1224 1997 specialia,
1247 1953 1458 1996 generaliora
1476 1965 1743 2002 praetereuntes,

226 2022 277 2055 Os
295 2011 555 2055 ethmoideum,
575 2014 723 2047 anticam
741 2010 850 2046 cranii
875 2018 1010 2056 partem
1037 2009 1265 2048 constituens,
1290 2010 1433 2045 formam
1459 2010 1567 2045 habet
1592 2014 1858 2059 subregularem.

178 2078 281 2114 Tubo
298 2075 391 2109 enim
409 2080 565 2105 constare
583 2068 743 2115 videtur,
766 2067 888 2111 majori
902 2069 960 2100 sua
980 2067 1141 2111 apertura
1160 2066 1296 2100 cerebri
1316 2075 1452 2111 partem
1471 2069 1624 2114 priorem
1641 2074 1858 2120 continente,

177 2138 215 2171 in
236 2134 374 2176 duoque
395 2125 560 2161 foramina
584 2135 744 2165 exeunte,
771 2137 857 2171 quae
886 2123 1149 2157 trans-mittunt
1168 2135 1293 2157 nervos
1316 2123 1536 2167 offactorios.

216 2191 348 2225 Haecce
367 2183 533 2219 foramina
559 2183 601 2216 ad
622 2192 756 2229 partem
777 2182 928 2228 priorem
946 2180 1049 2219 ossis.
1075 2179 1224 2214 formant
1253 2181 1411 2217 cavitates
1438 2180 1542 2225 duas,
1565 2183 1854 2221 infundibulifor·

1769 2253 1838 2280 mes
1852 2271 1861 2284 ,

210 2327 264 2364 (ι)
285 2322 422 2354 teht-buch
437 2321 484 2350 der
498 2320 632 2349 zoommie
646 2329 694 2349 von
715 2319 743 2350 C.
759 2321 795 2351 G.
809 2320 933 2356 Garun,
953 2318 1039 2354 [εἶρε.
1055 2319 1128 2348 ι8ι8.
1150 2325 1208 2354 pag.
1227 2327 1285 2354 ²³7-

215 2374 270 2412 (ι)
296 2373 376 2404 Vide:
389 2371 549 2402 Recherehes
566 2369 679 2406 physiol.
696 2378 741 2399 sur
758 2369 784 2400 la
800 2369 841 2398 vie
857 2374 885 2397 et
899 2368 927 2397 la
943 2372 1012 2396 nort
1035 2365 1049 2396 1
1062 2365 1093 2396 P.
1110 2365 1214 2398 Art.11.
1238 2367 1261 2400 ς.
1277 2374 1302 2395 x.

1133 2415 1161 2449 G
