2080 2744
253 197 292 228 ιδ
701 194 1489 231 H.L.vANALTENA

254 286 366 331 tisque
386 297 462 319 cum
464 285 697 328 processibus
712 285 864 328 obliquis
881 285 1117 328 inferioribus
1134 287 1322 330 superioris
1342 289 1530 321 vertebrae.
1548 288 1662 321 Atlas
1682 297 1795 331 autem
1807 291 1861 327 hic
1874 306 1937 328 ex-

255 343 432 386 cipiendus
450 351 514 382 est,
537 342 668 386 quippe
685 342 746 387 qui
765 343 801 373 in
821 342 954 384 postica
971 349 1103 374 tantum
1115 350 1214 386 parte
1233 341 1316 374 duas
1335 343 1454 386 planas
1477 344 1577 377 offert
1598 347 1798 390 superficies
1814 350 1857 381 ad.
1876 363 1940 384 re.

256 400 432 444 cipiendos
447 410 642 442 processus
665 399 823 442 obliquos
847 399 1071 442 superiores,
1096 407 1130 431 et
1151 399 1187 430 in
1207 406 1306 444 parte
1323 400 1435 432 antio&
1458 401 1635 445 praeditus
1655 402 1706 435 e‘st
1727 404 1866 438 duobus
1888 408 1941 439 si-

254 457 360 489 nibus
380 455 660 496 articularibus,
685 455 809 499 quibus
829 455 957 498 excipit
979 455 1063 487 duos
1088 455 1211 499 capitis
1236 454 1412 499 condylos.

296 513 475 545 Vertebm
498 525 590 545 nona
609 512 666 544 hic
690 513 791 544 etiam
808 512 1014 555 excipienda
1037 519 1110 553 θεῖς
1130 512 1364 554 processibus
1385 511 1540 555 obliquis
1563 516 1810 557 superioribus
1833 529 1940 561 prae-

252 568 323 599 dita
346 577 397 600 est
419 570 455 600 in
478 570 646 601 anteriore
669 579 786 612 parte,
810 568 848 599 in
870 570 1058 611 posteriore
1083 569 1215 602 duobus
1238 568 1412 614 condylis‚
1434 570 1494 614 qui
1511 571 1679 606 movendo
1704 574 1769 606 ossi
1791 560 1942 618 coccygis

248 624 440 658 inserviunt
463 627 479 667 (
497 627 553 667 ι).

287 682 550 726 Apophysibus
566 682 635 723 jam
653 685 868 716 transversis
890 691 959 715 tota
978 683 1076 727 spina
1100 683 1258 727 praedita
1281 690 1349 721 est,
1374 683 1465 714 inter
1492 694 1669 727 processus
1693 686 1850 730 obliquos
1873 699 1938 718 su-

242 740 407 780 periores
422 747 456 770 et
470 751 667 782 processus
689 739 846 784 obliquos
866 740 1057 783 inferiores
1081 740 1247 780 exoretis,
1273 747 1376 783 atque
1396 739 1565 784 *posticam
1583 749 1717 784 partem
1743 742 1936 785 spectanti-

246 794 323 826 bus.
369 795 606 840 Unaquaeque
625 796 747 827 harum
767 796 994 841 apophysium
1013 807 1156 840 corpore
1177 796 1374 832 vertebrae,
1399 794 1612 839 aliquotenus
1633 797 1767 839 longior
1789 805 1858 838 est,
1883 806 1938 830 te·

243 851 321 882 uuis
343 859 445 895 atque
466 852 676 884 extremitate
698 852 953 894 cartilaginosa,
978 853 1111 883 obtusfi.

284 908 396 939 Atlas·
419 917 514 940 caret
540 908 633 940 hisce
656 908 903 952 apophysibus.
947 909 988 940 In
1011 908 1181 941 vertebra
1206 908 1364 940 seeundci
1397 908 1518 940 ceteris
1545 909 1716 941 breviores
1734 932 1743 949 ,
1767 908 1804 940 in
1824 908 1938 940 τεν-ἐξά

241 971 273 994 et
290 964 386 995 nomi
413 965 532 997 ceteris
557 963 726 1006 longiores
750 973 840 996 sunt.

284 1020 425 1052 Rachis
450 1022 485 1052 in
507 1030 606 1065 parte
632 1021 795 1052 inferiore
817 1020 1036 1063 superficiem
1059 1020 1234 1063 quandam
1255 1020 1354 1052 offert
1374 1019 1641 1064 planiusculam,
1666 1021 1768 1062 magis
1790 1020 1842 1053 vel
1864 1020 1933 1052 mi-

237 1087 301 1116 nus
338 1088 544 1117 convexam,
577 1077 678 1108 nullis
706 1077 959 1109 excretionibus
984 1076 1036 1110 vel
1060 1078 1238 1109 tuberibus
1267 1076 1482 1122 praeditam,
1507 1077 1573 1108 nisi
1605 1076 1698 1120 quod
1731 1077 1768 1108 in
1796 1076 1935 1120 queque

235 1132 392 1165 vertebra
417 1132 504 1165 latus
533 1133 682 1165 anterius
698 1156 708 1172 ‚
731 1141 765 1164 et
782 1134 952 1176 posterius
975 1134 1163 1174 marginem
1179 1145 1320 1176 parvam
1340 1133 1460 1173 offert,
1483 1133 1538 1165 vix
1560 1132 1741 1165 visibilem.
1785 1133 1929 1164 Praete—

234 1198 293 1219 rea
319 1187 356 1219 in
380 1190 550 1220 anteriore
573 1197 671 1231 parte
705 1190 952 1233 cujuscumque
975 1191 1156 1222 vertebrae
1171 1212 1181 1230 ‚
1206 1191 1308 1222 sinus
1335 1189 1487 1221 occurrit
1509 1189 1749 1225 articularis,
1775 1187 1817 1219 ad
1838 1189 1932 1220 reci-

234 1243 403 1286 piendum
428 1246 614 1288 conclylum
640 1244 838 1276 anterioris
865 1246 1068 1276 vertebrae.

275 1301 317 1332 In
354 1302 493 1333 atlante
519 1309 631 1333 autem
653 1300 722 1331 duo
747 1300 891 1341 hujusce
915 1298 1009 1330 modi
1039 1299 1141 1331 sinus
1167 1299 1226 1342 (ut
1253 1306 1286 1331 et
1311 1307 1409 1330 antea
1431 1298 1584 1340 dictum)
1607 1299 1744 1341 capitis
1770 1299 1930 1342 condylos

234 1355 410 1398 recipiunt
425 1379 434 1396 ,
456 1356 493 1387 in
516 1357 686 1389 vertebrci
707 1356 800 1389 nomi
827 1355 895 1387 (luo
920 1354 1061 1397 condyli
1085 1354 1221 1386 adsunt.

277 1411 425 1443 Cavittzs
448 1413 659 1445 medullaris·
688 1424 801 1445 omnes
827 1412 1002 1445 vertebras
1033 1411 1223 1451 transiens,
1248 1413 1390 1444 formam
1420 1411 1492 1443 fere
1516 1411 1621 1442 habet
1643 1410 1812 1456 prismatis
1837 1423 1926 1455 qua-

229 1466 464 1508 drangularis,
488 1468 524 1499 in
552 1477 649 1511 parte
674 1469 843 1500 anteriore
862 1467 1019 1509 majoriS,
1042 1468 1079 1498 in
1103 1475 1201 1509 parte
1228 1469 1417 1510 posteriore
1439 1467 1592 1499 minoris.

269 1524 312 1555 In
339 1531 463 1554 trunco
492 1532 628 1566 praeter
663 1526 839 1557 vertebras
864 1523 1017 1556 occurrit
1041 1535 1079 1554 os
1111 1524 1274 1565 coccygis
1310 1525 1354 1565 (a
1385 1523 1596 1555 Cuvierio
1618 1527 1651 1554 ct
1687 1523 1927 1567 Froriepio

226 1592 372 1612 sacrum
410 1580 589 1622 dictum),
633 1581 726 1624 quod
762 1581 907 1623 simplex
939 1588 1016 1619 est,
1049 1577 1189 1620 longum
1212 1603 1221 1618 ‚
1257 1590 1488 1620 compressum
1509 1602 1518 1619 ‚
1552 1587 1701 1610 acutum.
1757 1580 1798 1626 In
1827 1588 1927 1622 parte

226 1636 395 1668 anteriore
420 1636 489 1667 cluo
515 1637 616 1668 sirius
652 1636 877 1668 inveniuntur
903 1634 1144 1672 articulares,
1170 1644 1315 1675 quorum
1340 1642 1404 1674 ope
1427 1644 1529 1675 super
1558 1634 1712 1675 posticae
1745 1634 1924 1668 vertebrae

227 1691 389 1736 condy-los
414 1700 578 1724 movetur.
625 1690 855 1733 Longitudine
877 1690 1005 1722 rachisi
1026 1688 1096 1720 fere
1116 1695 1254 1732 aequat.

271 1750 318 1780 Os
349 1746 483 1780 videtur
511 1747 670 1789 longum,
696 1759 815 1780 cavum
836 1755 937 1791 atque
970 1754 1056 1777 teres
1092 1756 1188 1786 esse,
1220 1745 1257 1776 in
1293 1744 1468 1788 superiore
1498 1744 1682 1788 superficie
1715 1753 1828 1779 autem
1856 1758 1920 1779 ex-

224 1803 475 1848 pansioplana
500 1803 615 1845 adest,
642 1802 733 1837 unde
756 1804 865 1836 forma
892 1801 1018 1836 ei.sere
1047 1801 1178 1835 conica.
1224 1801 1356 1833 Postice
1389 1801 1516 1833 desinit
1544 1801 1582 1832 in
1609 1801 1790 1835 bulbulum
1812 1805 1920 1837 carti-

223 1860 405 1902 lagineum.

267 1918 527 1960 Apopliysihus
544 1918 612 1959 jam
636 1920 850 1951 transversis
878 1917 1053 1951 vertebrae
1080 1915 1300 1961 posterioris,
1323 1926 1392 1948 sese
1412 1914 1672 1957 ligamentorum
1691 1922 1724 1947 ct
1744 1914 1919 1958 cartilagi-

225 1973 278 2005 nis
306 1986 368 2018 ope
402 1973 596 2015 adjungunt
622 1974 690 2007 duo
719 1987 799 2007 ossa
827 1976 913 2012 ilia,
945 1973 1160 2015 longissima,
1195 1984 1282 2017 quae
1320 1984 1397 2004 cum
1427 1972 1566 2003 ossibus
1600 1971 1710 2002 ischia·
1745 1979 1779 2003 et
1810 1972 1918 2014 pubis

226 2041 333 2060 unum
361 2029 533 2073 quoddam
556 2042 678 2074 corpus
704 2031 937 2071 constituunt,
961 2030 1135 2076 symphysi
1159 2028 1435 2072 (cartilagineam
1451 2027 1620 2059 formante
1639 2027 1798 2070 crenam)
1825 2038 1912 2060 con-

225 2087 401 2127 junctum,
427 2095 527 2129 atque
553 2087 781 2119 acetabulum
801 2090 891 2119 ossis
902 2087 1059 2129 femoris
1082 2086 1243 2126 formans.

269 2142 390 2173 Forma
408 2143 476 2183 jam
493 2143 540 2173 ita
562 2143 633 2175 fere
654 2155 725 2175 sese
746 2143 868 2175 habet:
909 2143 1097 2186 Aliquanto
1126 2142 1257 2184 longius
1288 2150 1338 2174 cst
1369 2152 1440 2173 osse
1474 2140 1625 2182 coccygis
1639 2162 1649 2178 ‚
1672 2138 1816 2172 sormam
1837 2139 1917 2182 pri-

225 2208 280 2229 mo
311 2197 495 2230 rotundam
528 2200 628 2232 ambo
649 2201 721 2242 ejus
748 2200 889 2233 brachia
919 2201 1159 2237 mentiuntur,
1193 2199 1231 2230 in
1261 2198 1437 2242 superiore
1467 2196 1649 2239 superficie
1672 2202 1851 2227 exeuntem
1878 2196 1915 2226 in

1852 2262 1913 2282 ex·-

261 2346 291 2379 (1
306 2344 316 2377 )
336 2344 574 2372 Monstruositatcm
589 2347 615 2373 in
631 2348 748 2375 vertebra
764 2349 851 2375 octavii
868 2354 895 2376 et
913 2349 979 2375 noni
993 2349 1095 2383 saepius
1111 2347 1213 2382 inveni,
1227 2346 1362 2373 oriundam
1380 2354 1393 2372 e
1409 2343 1584 2378 conjunctione
1606 2342 1739 2376 utriusque
1755 2340 1831 2375 hujus
1854 2349 1912 2367 ver-

224 2391 318 2419 tebrae.
1868 2399 1871 2401 .
