<?xml version="1.0" encoding="UTF-8"?>
<!DOCTYPE html PUBLIC "-//W3C//DTD XHTML 1.0 Transitional//EN"
    "http://www.w3.org/TR/xhtml1/DTD/xhtml1-transitional.dtd">
<html xmlns="http://www.w3.org/1999/xhtml" xml:lang="en" lang="en">
 <head>
  <title>
</title>
<meta http-equiv="Content-Type" content="text/html;charset=utf-8" />
  <meta name='ocr-system' content='tesseract 3.04.00' />
  <meta name='ocr-capabilities' content='ocr_page ocr_carea ocr_par ocr_line ocrx_word'/>
</head>
<body>
  <div class='ocr_page' id='page_1' title='image "./commentatioadqua00vana_0027.png"; bbox 0 0 2080 2744; ppageno 0'>
   <div class='ocr_carea' id='block_1_1' title="bbox 433 189 1839 235">
    <p class='ocr_par' dir='ltr' id='par_1_1' title="bbox 433 189 1839 235">
     <span class='ocr_line' id='line_1_1' title="bbox 433 189 1839 235; baseline 0.001 -9"><span class='ocrx_word' id='word_1_1' title='bbox 433 190 788 226; x_wconf 87' lang='lat' dir='ltr'><strong>COMMENTATIO</strong></span> <span class='ocrx_word' id='word_1_2' title='bbox 814 198 864 223; x_wconf 78' lang='lat' dir='ltr'>AD</span> <span class='ocrx_word' id='word_1_3' title='bbox 888 189 1235 235; x_wconf 83' lang='lat' dir='ltr'><strong>QUAESTIONEM</strong></span> <span class='ocrx_word' id='word_1_4' title='bbox 1260 193 1556 229; x_wconf 78' lang='lat' dir='ltr'><strong>ZOOLOGIAM.</strong></span> <span class='ocrx_word' id='word_1_5' title='bbox 1800 204 1839 234; x_wconf 76' lang='lat'>25·</span> 
     </span>
    </p>
   </div>
   <div class='ocr_carea' id='block_1_2' title="bbox 142 283 1836 1346">
    <p class='ocr_par' dir='ltr' id='par_1_2' title="bbox 152 283 1835 383">
     <span class='ocr_line' id='line_1_2' title="bbox 152 283 1835 333; baseline 0.002 -12"><span class='ocrx_word' id='word_1_6' title='bbox 152 300 234 321; x_wconf 85' lang='lat' dir='ltr'>num</span> <span class='ocrx_word' id='word_1_7' title='bbox 257 285 382 331; x_wconf 84' lang='lat' dir='ltr'>(quod</span> <span class='ocrx_word' id='word_1_8' title='bbox 406 283 508 316; x_wconf 83' lang='lat' dir='ltr'>etiam</span> <span class='ocrx_word' id='word_1_9' title='bbox 530 296 548 315; x_wconf 93' lang='lat' dir='ltr'>a</span> <span class='ocrx_word' id='word_1_10' title='bbox 572 283 684 316; x_wconf 85' lang='lat' dir='ltr'>Caro</span> <span class='ocrx_word' id='word_1_11' title='bbox 704 283 920 316; x_wconf 80' lang='lat' dir='ltr'>observatum</span> <span class='ocrx_word' id='word_1_12' title='bbox 951 291 1001 316; x_wconf 84' lang='lat' dir='ltr'>est</span> <span class='ocrx_word' id='word_1_13' title='bbox 1024 284 1123 326; x_wconf 87' lang='lat'>(1))</span> <span class='ocrx_word' id='word_1_14' title='bbox 1138 309 1147 321; x_wconf 90' lang='lat'>‚</span> <span class='ocrx_word' id='word_1_15' title='bbox 1178 295 1236 317; x_wconf 83' lang='lat' dir='ltr'>sex</span> <span class='ocrx_word' id='word_1_16' title='bbox 1270 285 1400 317; x_wconf 88' lang='lat' dir='ltr'>ossibus</span> <span class='ocrx_word' id='word_1_17' title='bbox 1429 288 1665 333; x_wconf 84' lang='lat' dir='ltr'><strong>componitur,</strong></span> <span class='ocrx_word' id='word_1_18' title='bbox 1705 290 1835 325; x_wconf 82' lang='lat' dir='ltr'>duabus</span> 
     </span>
     <span class='ocr_line' id='line_1_3' title="bbox 153 339 1552 383; baseline -0.001 -5"><span class='ocrx_word' id='word_1_19' title='bbox 153 343 322 378; x_wconf 79' lang='lat' dir='ltr'><strong>claviculis</strong></span> <span class='ocrx_word' id='word_1_20' title='bbox 349 341 552 383; x_wconf 82' lang='lat' dir='ltr'>majoribus,</span> <span class='ocrx_word' id='word_1_21' title='bbox 580 340 713 372; x_wconf 85' lang='lat' dir='ltr'>duabus</span> <span class='ocrx_word' id='word_1_22' title='bbox 734 340 922 373; x_wconf 88' lang='lat' dir='ltr'>minoribus</span> <span class='ocrx_word' id='word_1_23' title='bbox 937 363 949 380; x_wconf 87' lang='lat'>‚</span> <span class='ocrx_word' id='word_1_24' title='bbox 973 348 1007 373; x_wconf 86' lang='lat' dir='ltr'>et</span> <span class='ocrx_word' id='word_1_25' title='bbox 1027 339 1160 372; x_wconf 87' lang='lat' dir='ltr'>duobus</span> <span class='ocrx_word' id='word_1_26' title='bbox 1181 341 1311 374; x_wconf 81' lang='lat' dir='ltr'>ossibus</span> <span class='ocrx_word' id='word_1_27' title='bbox 1336 342 1552 377; x_wconf 82' lang='lat' dir='ltr'>sternalibus.</span> 
     </span>
    </p>

    <p class='ocr_par' dir='ltr' id='par_1_3' title="bbox 149 396 1836 670">
     <span class='ocr_line' id='line_1_4' title="bbox 195 396 1835 441; baseline 0.003 -8"><span class='ocrx_word' id='word_1_28' title='bbox 195 399 377 434; x_wconf 72' lang='lat' dir='ltr'>clauicula</span> <span class='ocrx_word' id='word_1_29' title='bbox 397 399 514 441; x_wconf 76' lang='lat' dir='ltr'>major</span> <span class='ocrx_word' id='word_1_30' title='bbox 530 406 693 441; x_wconf 83' lang='lat' dir='ltr'>utraque,</span> <span class='ocrx_word' id='word_1_31' title='bbox 714 408 793 429; x_wconf 83' lang='lat' dir='ltr'>cum</span> <span class='ocrx_word' id='word_1_32' title='bbox 815 396 955 439; x_wconf 75' lang='lat' dir='ltr'>scapula</span> <span class='ocrx_word' id='word_1_33' title='bbox 974 398 1166 430; x_wconf 72' lang='lat' dir='ltr'><em>cavitatem</em></span> <span class='ocrx_word' id='word_1_34' title='bbox 1192 398 1368 431; x_wconf 87' lang='lat' dir='ltr'>constituit</span> <span class='ocrx_word' id='word_1_35' title='bbox 1389 400 1625 441; x_wconf 78' lang='lat' dir='ltr'>glenoicleam.</span> <span class='ocrx_word' id='word_1_36' title='bbox 1671 405 1751 437; x_wconf 85' lang='lat' dir='ltr'>Pars</span> <span class='ocrx_word' id='word_1_37' title='bbox 1771 417 1835 437; x_wconf 86' lang='lat' dir='ltr'>ex-</span> 
     </span>
     <span class='ocr_line' id='line_1_5' title="bbox 153 452 1836 500; baseline 0.001 -10"><span class='ocrx_word' id='word_1_38' title='bbox 153 467 271 497; x_wconf 81' lang='lat' dir='ltr'>terna,</span> <span class='ocrx_word' id='word_1_39' title='bbox 302 455 476 500; x_wconf 81' lang='lat' dir='ltr'>scapulam</span> <span class='ocrx_word' id='word_1_40' title='bbox 500 462 659 499; x_wconf 87' lang='lat' dir='ltr'>spectans</span> <span class='ocrx_word' id='word_1_41' title='bbox 689 454 767 486; x_wconf 90' lang='lat' dir='ltr'>coni</span> <span class='ocrx_word' id='word_1_42' title='bbox 792 453 863 484; x_wconf 83' lang='lat' dir='ltr'>fere</span> <span class='ocrx_word' id='word_1_43' title='bbox 889 453 1033 495; x_wconf 81' lang='lat' dir='ltr'>figuram</span> <span class='ocrx_word' id='word_1_44' title='bbox 1060 452 1222 491; x_wconf 79' lang='lat' dir='ltr'>exhibet,</span> <span class='ocrx_word' id='word_1_45' title='bbox 1256 456 1352 495; x_wconf 82' lang='lat' dir='ltr'>cujus</span> <span class='ocrx_word' id='word_1_46' title='bbox 1381 455 1469 487; x_wconf 87' lang='lat' dir='ltr'>basis</span> <span class='ocrx_word' id='word_1_47' title='bbox 1495 457 1689 492; x_wconf 82' lang='lat' dir='ltr'>arthrodiae</span> <span class='ocrx_word' id='word_1_48' title='bbox 1713 461 1836 494; x_wconf 82' lang='lat' dir='ltr'>cavitas</span> 
     </span>
     <span class='ocr_line' id='line_1_6' title="bbox 151 509 1836 558; baseline 0.001 -12"><span class='ocrx_word' id='word_1_49' title='bbox 151 523 212 547; x_wconf 75' lang='lat' dir='ltr'>est·</span> <span class='ocrx_word' id='word_1_50' title='bbox 258 513 358 558; x_wconf 78' lang='lat' dir='ltr'>Apex</span> <span class='ocrx_word' id='word_1_51' title='bbox 376 520 488 544; x_wconf 88' lang='lat' dir='ltr'>autem</span> <span class='ocrx_word' id='word_1_52' title='bbox 510 523 589 544; x_wconf 81' lang='lat' dir='ltr'>mox</span> <span class='ocrx_word' id='word_1_53' title='bbox 616 509 834 552; x_wconf 84' lang='lat' dir='ltr'><strong>extenditur,</strong></span> <span class='ocrx_word' id='word_1_54' title='bbox 857 510 904 542; x_wconf 85' lang='lat' dir='ltr'>ita</span> <span class='ocrx_word' id='word_1_55' title='bbox 936 518 973 542; x_wconf 77' lang='lat' dir='ltr'>ut</span> <span class='ocrx_word' id='word_1_56' title='bbox 994 511 1066 543; x_wconf 85' lang='lat' dir='ltr'>fere</span> <span class='ocrx_word' id='word_1_57' title='bbox 1096 510 1302 553; x_wconf 81' lang='lat' dir='ltr'>triangulum</span> <span class='ocrx_word' id='word_1_58' title='bbox 1327 510 1472 551; x_wconf 83' lang='lat' dir='ltr'>formet,</span> <span class='ocrx_word' id='word_1_59' title='bbox 1506 514 1601 554; x_wconf 89' lang='lat' dir='ltr'>cujus</span> <span class='ocrx_word' id='word_1_60' title='bbox 1625 516 1710 547; x_wconf 81' lang='lat' dir='ltr'>basis</span> <span class='ocrx_word' id='word_1_61' title='bbox 1734 529 1751 548; x_wconf 88' lang='lat' dir='ltr'>e</span> <span class='ocrx_word' id='word_1_62' title='bbox 1776 528 1836 548; x_wconf 84' lang='lat' dir='ltr'>re-</span> 
     </span>
     <span class='ocr_line' id='line_1_7' title="bbox 149 567 1834 616; baseline 0.001 -13"><span class='ocrx_word' id='word_1_63' title='bbox 149 572 247 613; x_wconf 86' lang='lat' dir='ltr'>gione</span> <span class='ocrx_word' id='word_1_64' title='bbox 268 569 385 601; x_wconf 88' lang='lat' dir='ltr'>baseos</span> <span class='ocrx_word' id='word_1_65' title='bbox 409 570 459 600; x_wconf 91' lang='lat' dir='ltr'>sui</span> <span class='ocrx_word' id='word_1_66' title='bbox 485 569 574 611; x_wconf 85' lang='lat' dir='ltr'>paris</span> <span class='ocrx_word' id='word_1_67' title='bbox 591 593 600 605; x_wconf 93' lang='lat'>‚</span> <span class='ocrx_word' id='word_1_68' title='bbox 634 567 742 600; x_wconf 85' lang='lat' dir='ltr'>lineae</span> <span class='ocrx_word' id='word_1_69' title='bbox 768 567 966 611; x_wconf 82' lang='lat' dir='ltr'>adjungitur</span> <span class='ocrx_word' id='word_1_70' title='bbox 990 569 1177 601; x_wconf 80' lang='lat' dir='ltr'>medianae.</span> <span class='ocrx_word' id='word_1_71' title='bbox 1229 567 1330 602; x_wconf 88' lang='lat' dir='ltr'>Nulla</span> <span class='ocrx_word' id='word_1_72' title='bbox 1357 569 1575 613; x_wconf 82' lang='lat' dir='ltr'>inaequalitas</span> <span class='ocrx_word' id='word_1_73' title='bbox 1601 572 1637 603; x_wconf 90' lang='lat' dir='ltr'>in</span> <span class='ocrx_word' id='word_1_74' title='bbox 1664 574 1834 616; x_wconf 66' lang='lat' dir='ltr'>quacum-</span> 
     </span>
     <span class='ocr_line' id='line_1_8' title="bbox 151 623 510 670; baseline -0.008 -12"><span class='ocrx_word' id='word_1_75' title='bbox 151 639 217 670; x_wconf 79' lang='lat' dir='ltr'>que</span> <span class='ocrx_word' id='word_1_76' title='bbox 238 624 323 657; x_wconf 87' lang='lat' dir='ltr'>facie</span> <span class='ocrx_word' id='word_1_77' title='bbox 349 623 510 656; x_wconf 89' lang='lat' dir='ltr'>occurrit.</span> 
     </span>
    </p>

    <p class='ocr_par' dir='ltr' id='par_1_4' title="bbox 149 680 1833 894">
     <span class='ocr_line' id='line_1_9' title="bbox 197 680 1833 726; baseline 0.004 -14"><span class='ocrx_word' id='word_1_78' title='bbox 197 680 397 713; x_wconf 74' lang='lat' dir='ltr'>claviculae</span> <span class='ocrx_word' id='word_1_79' title='bbox 422 681 575 711; x_wconf 73' lang='lat' dir='ltr'>minores</span> <span class='ocrx_word' id='word_1_80' title='bbox 599 680 814 721; x_wconf 69' lang='lat' dir='ltr'>(claviculae</span> <span class='ocrx_word' id='word_1_81' title='bbox 837 680 1187 714; x_wconf 68' lang='lat' dir='ltr'>accessoriae&#39;cari</span> <span class='ocrx_word' id='word_1_82' title='bbox 1211 683 1299 724; x_wconf 84' lang='grc' dir='ltr'>(ι),</span> <span class='ocrx_word' id='word_1_83' title='bbox 1332 683 1533 726; x_wconf 70' lang='lat' dir='ltr'>apophyses</span> <span class='ocrx_word' id='word_1_84' title='bbox 1553 685 1619 717; x_wconf 81' lang='lat' dir='ltr'>sive</span> <span class='ocrx_word' id='word_1_85' title='bbox 1643 686 1833 718; x_wconf 76' lang='lat' dir='ltr'><em>claviculae</em></span> 
     </span>
     <span class='ocr_line' id='line_1_10' title="bbox 149 734 1832 783; baseline 0.004 -15"><span class='ocrx_word' id='word_1_86' title='bbox 149 738 376 770; x_wconf 69' lang='lat' dir='ltr'>coracoz&#39;cleae</span> <span class='ocrx_word' id='word_1_87' title='bbox 401 734 623 778; x_wconf 82' lang='lat' dir='ltr'>Geoffroy</span> <span class='ocrx_word' id='word_1_88' title='bbox 651 735 701 767; x_wconf 84' lang='lat' dir='ltr'>St·</span> <span class='ocrx_word' id='word_1_89' title='bbox 726 735 897 768; x_wconf 84' lang='lat' dir='ltr'>Hilaire</span> <span class='ocrx_word' id='word_1_90' title='bbox 922 739 1058 780; x_wconf 80' lang='lat'><em>(2))‚-</em></span> <span class='ocrx_word' id='word_1_91' title='bbox 1074 748 1142 772; x_wconf 87' lang='lat' dir='ltr'>tres</span> <span class='ocrx_word' id='word_1_92' title='bbox 1156 740 1378 783; x_wconf 80' lang='lat' dir='ltr'>expansiones</span> <span class='ocrx_word' id='word_1_93' title='bbox 1393 748 1506 771; x_wconf 84' lang='lat' dir='ltr'>acutas</span> <span class='ocrx_word' id='word_1_94' title='bbox 1531 752 1650 783; x_wconf 88' lang='lat' dir='ltr'>parvas</span> <span class='ocrx_word' id='word_1_95' title='bbox 1667 742 1832 775; x_wconf 80' lang='lat' dir='ltr'>exhibent</span> 
     </span>
     <span class='ocr_line' id='line_1_11' title="bbox 150 791 1829 840; baseline 0.004 -15"><span class='ocrx_word' id='word_1_96' title='bbox 150 806 295 838; x_wconf 86' lang='lat' dir='ltr'>quarum</span> <span class='ocrx_word' id='word_1_97' title='bbox 319 805 382 837; x_wconf 84' lang='lat' dir='ltr'>ope</span> <span class='ocrx_word' id='word_1_98' title='bbox 400 793 492 837; x_wconf 84' lang='lat' dir='ltr'>parti</span> <span class='ocrx_word' id='word_1_99' title='bbox 508 791 668 835; x_wconf 81' lang='lat' dir='ltr'>scapulae</span> <span class='ocrx_word' id='word_1_100' title='bbox 690 792 847 825; x_wconf 89' lang='lat' dir='ltr'>inferiori</span> <span class='ocrx_word' id='word_1_101' title='bbox 871 794 1070 828; x_wconf 86' lang='lat' dir='ltr'>adhaerent.</span> <span class='ocrx_word' id='word_1_102' title='bbox 1118 798 1166 827; x_wconf 91' lang='lat' dir='ltr'>Os</span> <span class='ocrx_word' id='word_1_103' title='bbox 1194 805 1244 828; x_wconf 87' lang='lat' dir='ltr'>est</span> <span class='ocrx_word' id='word_1_104' title='bbox 1275 807 1418 840; x_wconf 81' lang='lat' dir='ltr'>parvum</span> <span class='ocrx_word' id='word_1_105' title='bbox 1450 804 1652 840; x_wconf 85' lang='lat' dir='ltr'>utrumque,</span> <span class='ocrx_word' id='word_1_106' title='bbox 1686 799 1829 839; x_wconf 74' lang='lat' dir='ltr'>gracile.</span> 
     </span>
     <span class='ocr_line' id='line_1_12' title="bbox 150 849 1228 894; baseline 0.003 -12"><span class='ocrx_word' id='word_1_107' title='bbox 150 851 192 882; x_wconf 90' lang='lat' dir='ltr'>ad</span> <span class='ocrx_word' id='word_1_108' title='bbox 211 850 407 892; x_wconf 80' lang='lat' dir='ltr'>lineamque</span> <span class='ocrx_word' id='word_1_109' title='bbox 430 849 621 880; x_wconf 86' lang='lat' dir='ltr'>medianam</span> <span class='ocrx_word' id='word_1_110' title='bbox 645 850 682 880; x_wconf 90' lang='lat' dir='ltr'>in</span> <span class='ocrx_word' id='word_1_111' title='bbox 708 850 842 892; x_wconf 81' lang='lat' dir='ltr'>apicem</span> <span class='ocrx_word' id='word_1_112' title='bbox 860 853 1130 894; x_wconf 79' lang='lat' dir='ltr'>cartilaginosam</span> <span class='ocrx_word' id='word_1_113' title='bbox 1147 855 1228 885; x_wconf 75' lang='lat' dir='ltr'>exit.</span> 
     </span>
    </p>

    <p class='ocr_par' dir='ltr' id='par_1_5' title="bbox 142 899 1835 1346">
     <span class='ocr_line' id='line_1_13' title="bbox 195 899 1835 953; baseline 0.002 -11"><span class='ocrx_word' id='word_1_114' title='bbox 195 910 290 943; x_wconf 74' lang='lat' dir='ltr'>Ossa</span> <span class='ocrx_word' id='word_1_115' title='bbox 312 899 498 941; x_wconf 56' lang='lat' dir='ltr'>sternalict.</span> <span class='ocrx_word' id='word_1_116' title='bbox 546 907 594 939; x_wconf 87' lang='lat' dir='ltr'>Os</span> <span class='ocrx_word' id='word_1_117' title='bbox 622 905 685 938; x_wconf 80' lang='lat' dir='ltr'>sub</span> <span class='ocrx_word' id='word_1_118' title='bbox 711 906 882 940; x_wconf 84' lang='lat' dir='ltr'>abdomen</span> <span class='ocrx_word' id='word_1_119' title='bbox 908 909 1056 953; x_wconf 78' lang='lat' dir='ltr'>positum</span> <span class='ocrx_word' id='word_1_120' title='bbox 1074 934 1083 947; x_wconf 82' lang='lat'>‚</span> <span class='ocrx_word' id='word_1_121' title='bbox 1109 918 1390 953; x_wconf 76' lang='lat' dir='ltr'>postrorsumque</span> <span class='ocrx_word' id='word_1_122' title='bbox 1422 910 1590 948; x_wconf 86' lang='lat' dir='ltr'>tendens,</span> <span class='ocrx_word' id='word_1_123' title='bbox 1624 914 1835 946; x_wconf 78' lang='lat' dir='ltr'>extremitate</span> 
     </span>
     <span class='ocr_line' id='line_1_14' title="bbox 148 963 1834 1010; baseline 0.001 -12"><span class='ocrx_word' id='word_1_124' title='bbox 148 969 207 999; x_wconf 63' lang='lat' dir='ltr'>sua</span> <span class='ocrx_word' id='word_1_125' title='bbox 229 966 399 998; x_wconf 83' lang='lat' dir='ltr'>anteriore</span> <span class='ocrx_word' id='word_1_126' title='bbox 428 973 543 996; x_wconf 89' lang='lat' dir='ltr'>sterno</span> <span class='ocrx_word' id='word_1_127' title='bbox 571 963 797 1005; x_wconf 86' lang='lat' dir='ltr'>adjunctum,</span> <span class='ocrx_word' id='word_1_128' title='bbox 833 977 910 996; x_wconf 86' lang='lat' dir='ltr'>cum</span> <span class='ocrx_word' id='word_1_129' title='bbox 933 966 1112 1010; x_wconf 71' lang='lat' dir='ltr'>apophysi</span> <span class='ocrx_word' id='word_1_130' title='bbox 1148 966 1216 997; x_wconf 88' lang='lat' dir='ltr'>sive</span> <span class='ocrx_word' id='word_1_131' title='bbox 1248 967 1467 1009; x_wconf 76' lang='lat' dir='ltr'>cartilagine</span> <span class='ocrx_word' id='word_1_132' title='bbox 1491 968 1693 1009; x_wconf 68' lang='lat' dir='ltr'>xyplioided</span> <span class='ocrx_word' id='word_1_133' title='bbox 1718 969 1834 1002; x_wconf 85' lang='lat' dir='ltr'>homi-</span> 
     </span>
     <span class='ocr_line' id='line_1_15' title="bbox 146 1019 1833 1065; baseline 0.002 -11"><span class='ocrx_word' id='word_1_134' title='bbox 146 1023 199 1054; x_wconf 84' lang='lat' dir='ltr'>nis</span> <span class='ocrx_word' id='word_1_135' title='bbox 235 1021 404 1055; x_wconf 74' lang='lat' dir='ltr'>convenit.</span> <span class='ocrx_word' id='word_1_136' title='bbox 454 1020 496 1051; x_wconf 86' lang='lat' dir='ltr'>In</span> <span class='ocrx_word' id='word_1_137' title='bbox 521 1019 689 1052; x_wconf 76' lang='lat' dir='ltr'>anteriore</span> <span class='ocrx_word' id='word_1_138' title='bbox 725 1022 831 1053; x_wconf 84' lang='lat' dir='ltr'>sterni</span> <span class='ocrx_word' id='word_1_139' title='bbox 865 1030 963 1065; x_wconf 85' lang='lat' dir='ltr'>parte</span> <span class='ocrx_word' id='word_1_140' title='bbox 991 1021 1145 1063; x_wconf 87' lang='lat' dir='ltr'>ejusdem</span> <span class='ocrx_word' id='word_1_141' title='bbox 1171 1023 1242 1055; x_wconf 89' lang='lat' dir='ltr'>fere</span> <span class='ocrx_word' id='word_1_142' title='bbox 1276 1023 1405 1055; x_wconf 79' lang='lat' dir='ltr'>formae</span> <span class='ocrx_word' id='word_1_143' title='bbox 1434 1035 1468 1055; x_wconf 87' lang='lat' dir='ltr'>os</span> <span class='ocrx_word' id='word_1_144' title='bbox 1492 1024 1709 1064; x_wconf 85' lang='lat' dir='ltr'>observatur,</span> <span class='ocrx_word' id='word_1_145' title='bbox 1734 1027 1833 1057; x_wconf 78' lang='lat' dir='ltr'>etiam</span> 
     </span>
     <span class='ocr_line' id='line_1_16' title="bbox 148 1077 1831 1124; baseline 0.001 -13"><span class='ocrx_word' id='word_1_146' title='bbox 148 1078 274 1111; x_wconf 69' lang='lat' dir='ltr'>lamina</span> <span class='ocrx_word' id='word_1_147' title='bbox 299 1077 517 1119; x_wconf 74' lang='lat' dir='ltr'>cartilaginea</span> <span class='ocrx_word' id='word_1_148' title='bbox 541 1077 769 1109; x_wconf 86' lang='lat' dir='ltr'>terminatum.</span> <span class='ocrx_word' id='word_1_149' title='bbox 822 1078 872 1110; x_wconf 77' lang='lat' dir='ltr'>Os</span> <span class='ocrx_word' id='word_1_150' title='bbox 897 1081 1053 1112; x_wconf 78' lang='lat' dir='ltr'>sternale</span> <span class='ocrx_word' id='word_1_151' title='bbox 1081 1081 1246 1112; x_wconf 70' lang='lat' dir='ltr'>anterius</span> <span class='ocrx_word' id='word_1_152' title='bbox 1281 1088 1314 1112; x_wconf 90' lang='lat' dir='ltr'>et</span> <span class='ocrx_word' id='word_1_153' title='bbox 1339 1082 1526 1122; x_wconf 70' lang='lat' dir='ltr'>posterius</span> <span class='ocrx_word' id='word_1_154' title='bbox 1555 1080 1670 1113; x_wconf 84' lang='lat' dir='ltr'>dicere</span> <span class='ocrx_word' id='word_1_155' title='bbox 1703 1093 1831 1124; x_wconf 81' lang='lat' dir='ltr'>posses,</span> 
     </span>
     <span class='ocr_line' id='line_1_17' title="bbox 146 1132 1835 1181; baseline 0.002 -15"><span class='ocrx_word' id='word_1_156' title='bbox 146 1132 342 1178; x_wconf 86' lang='lat' dir='ltr'>Utrumque</span> <span class='ocrx_word' id='word_1_157' title='bbox 367 1135 434 1175; x_wconf 85' lang='lat' dir='ltr'>jam</span> <span class='ocrx_word' id='word_1_158' title='bbox 458 1132 613 1175; x_wconf 85' lang='lat' dir='ltr'>ejusdem</span> <span class='ocrx_word' id='word_1_159' title='bbox 641 1132 712 1166; x_wconf 87' lang='lat' dir='ltr'>fere</span> <span class='ocrx_word' id='word_1_160' title='bbox 735 1133 863 1167; x_wconf 87' lang='lat' dir='ltr'>formae</span> <span class='ocrx_word' id='word_1_161' title='bbox 890 1144 958 1174; x_wconf 88' lang='lat' dir='ltr'>est,</span> <span class='ocrx_word' id='word_1_162' title='bbox 994 1136 1164 1181; x_wconf 87' lang='lat' dir='ltr'>posterius</span> <span class='ocrx_word' id='word_1_163' title='bbox 1196 1146 1275 1169; x_wconf 85' lang='lat' dir='ltr'>vero</span> <span class='ocrx_word' id='word_1_164' title='bbox 1307 1137 1414 1177; x_wconf 88' lang='lat' dir='ltr'>majus</span> <span class='ocrx_word' id='word_1_165' title='bbox 1446 1136 1566 1168; x_wconf 82' lang='lat' dir='ltr'>faciem</span> <span class='ocrx_word' id='word_1_166' title='bbox 1592 1136 1664 1168; x_wconf 87' lang='lat' dir='ltr'>fere</span> <span class='ocrx_word' id='word_1_167' title='bbox 1696 1137 1835 1171; x_wconf 74' lang='lat' dir='ltr'>exhibet</span> 
     </span>
     <span class='ocr_line' id='line_1_18' title="bbox 149 1189 1832 1235; baseline 0.002 -13"><span class='ocrx_word' id='word_1_168' title='bbox 149 1189 370 1233; x_wconf 82' lang='lat' dir='ltr'>clepsydrae,</span> <span class='ocrx_word' id='word_1_169' title='bbox 396 1190 492 1229; x_wconf 89' lang='lat' dir='ltr'>cujus</span> <span class='ocrx_word' id='word_1_170' title='bbox 512 1190 690 1231; x_wconf 86' lang='lat' dir='ltr'>utriusque</span> <span class='ocrx_word' id='word_1_171' title='bbox 709 1191 798 1223; x_wconf 87' lang='lat' dir='ltr'>basis</span> <span class='ocrx_word' id='word_1_172' title='bbox 818 1193 941 1223; x_wconf 83' lang='lat' dir='ltr'>nititur</span> <span class='ocrx_word' id='word_1_173' title='bbox 967 1193 1181 1234; x_wconf 80' lang='lat' dir='ltr'>cartilagine,</span> <span class='ocrx_word' id='word_1_174' title='bbox 1208 1203 1248 1223; x_wconf 82' lang='lat' dir='ltr'>ex</span> <span class='ocrx_word' id='word_1_175' title='bbox 1267 1191 1346 1223; x_wconf 85' lang='lat' dir='ltr'>ossis</span> <span class='ocrx_word' id='word_1_176' title='bbox 1369 1192 1528 1224; x_wconf 80' lang='lat' dir='ltr'>centralis</span> <span class='ocrx_word' id='word_1_177' title='bbox 1544 1193 1690 1235; x_wconf 83' lang='lat' dir='ltr'>vestigiis</span> <span class='ocrx_word' id='word_1_178' title='bbox 1709 1195 1832 1226; x_wconf 82' lang='lat' dir='ltr'>oriun-</span> 
     </span>
     <span class='ocr_line' id='line_1_19' title="bbox 148 1244 1832 1293; baseline 0.004 -16"><span class='ocrx_word' id='word_1_179' title='bbox 148 1246 206 1277; x_wconf 63' lang='lat' dir='ltr'>da.</span> <span class='ocrx_word' id='word_1_180' title='bbox 251 1246 332 1276; x_wconf 87' lang='lat' dir='ltr'>Pars</span> <span class='ocrx_word' id='word_1_181' title='bbox 357 1244 513 1286; x_wconf 88' lang='lat' dir='ltr'>superior</span> <span class='ocrx_word' id='word_1_182' title='bbox 534 1245 603 1274; x_wconf 79' lang='lat' dir='ltr'>exit</span> <span class='ocrx_word' id='word_1_183' title='bbox 629 1244 666 1275; x_wconf 91' lang='lat' dir='ltr'>in</span> <span class='ocrx_word' id='word_1_184' title='bbox 693 1246 943 1285; x_wconf 80' lang='lat' dir='ltr'>cartilaginem,</span> <span class='ocrx_word' id='word_1_185' title='bbox 976 1247 1013 1276; x_wconf 87' lang='lat' dir='ltr'>in</span> <span class='ocrx_word' id='word_1_186' title='bbox 1037 1247 1207 1277; x_wconf 80' lang='lat' dir='ltr'>anteriore</span> <span class='ocrx_word' id='word_1_187' title='bbox 1233 1246 1427 1283; x_wconf 84' lang='lat' dir='ltr'>unilobam,</span> <span class='ocrx_word' id='word_1_188' title='bbox 1457 1248 1493 1279; x_wconf 88' lang='lat' dir='ltr'>in</span> <span class='ocrx_word' id='word_1_189' title='bbox 1519 1250 1705 1293; x_wconf 82' lang='lat' dir='ltr'>posteriore</span> <span class='ocrx_word' id='word_1_190' title='bbox 1738 1252 1832 1283; x_wconf 83' lang='lat' dir='ltr'>bilo-</span> 
     </span>
     <span class='ocr_line' id='line_1_20' title="bbox 142 1298 1786 1346; baseline 0.003 -12"><span class='ocrx_word' id='word_1_191' title='bbox 142 1300 236 1334; x_wconf 69' lang='lat' dir='ltr'>ham.</span> <span class='ocrx_word' id='word_1_192' title='bbox 282 1299 490 1344; x_wconf 77' lang='lat' dir='ltr'>superficies</span> <span class='ocrx_word' id='word_1_193' title='bbox 512 1307 591 1331; x_wconf 84' lang='lat' dir='ltr'>sunt</span> <span class='ocrx_word' id='word_1_194' title='bbox 606 1298 727 1341; x_wconf 83' lang='lat' dir='ltr'>planae</span> <span class='ocrx_word' id='word_1_195' title='bbox 741 1324 750 1336; x_wconf 92' lang='lat'>,</span> <span class='ocrx_word' id='word_1_196' title='bbox 777 1311 880 1343; x_wconf 86' lang='lat' dir='ltr'>quam</span> <span class='ocrx_word' id='word_1_197' title='bbox 898 1300 1154 1346; x_wconf 75' lang='lat' dir='ltr'>plurimumque</span> <span class='ocrx_word' id='word_1_198' title='bbox 1173 1301 1279 1334; x_wconf 84' lang='lat' dir='ltr'>latera</span> <span class='ocrx_word' id='word_1_199' title='bbox 1299 1302 1496 1346; x_wconf 73' lang='lat' dir='ltr'>cartilagine</span> <span class='ocrx_word' id='word_1_200' title='bbox 1521 1313 1601 1338; x_wconf 85' lang='lat' dir='ltr'>sunt</span> <span class='ocrx_word' id='word_1_201' title='bbox 1626 1306 1786 1340; x_wconf 80' lang='lat' dir='ltr'>obducta.</span> 
     </span>
    </p>
   </div>
   <div class='ocr_carea' id='block_1_3' title="bbox 775 1414 1225 1452">
    <p class='ocr_par' dir='ltr' id='par_1_6' title="bbox 775 1414 1225 1452">
     <span class='ocr_line' id='line_1_21' title="bbox 775 1414 1225 1452; baseline 0.011 -8"><span class='ocrx_word' id='word_1_202' title='bbox 775 1414 813 1446; x_wconf 85' lang='lat' dir='ltr'>C.</span> <span class='ocrx_word' id='word_1_203' title='bbox 858 1415 955 1447; x_wconf 74' lang='lat' dir='ltr'>Pars</span> <span class='ocrx_word' id='word_1_204' title='bbox 1001 1415 1225 1452; x_wconf 71' lang='lat' dir='ltr'>Brachialis.</span> 
     </span>
    </p>
   </div>
   <div class='ocr_carea' id='block_1_4' title="bbox 131 1525 1832 2195">
    <p class='ocr_par' dir='ltr' id='par_1_7' title="bbox 186 1525 1650 1572">
     <span class='ocr_line' id='line_1_22' title="bbox 186 1525 1650 1572; baseline 0.001 -13"><span class='ocrx_word' id='word_1_205' title='bbox 186 1530 342 1571; x_wconf 83' lang='lat' dir='ltr'>Utraque</span> <span class='ocrx_word' id='word_1_206' title='bbox 362 1536 451 1568; x_wconf 77' lang='lat' dir='ltr'>pars</span> <span class='ocrx_word' id='word_1_207' title='bbox 474 1525 672 1559; x_wconf 63' lang='lat' dir='ltr'>brachialia</span> <span class='ocrx_word' id='word_1_208' title='bbox 696 1528 911 1572; x_wconf 82' lang='lat' dir='ltr'>componitur</span> <span class='ocrx_word' id='word_1_209' title='bbox 933 1539 1009 1560; x_wconf 72' lang='lat' dir='ltr'>osse</span> <span class='ocrx_word' id='word_1_210' title='bbox 1031 1528 1197 1570; x_wconf 75' lang='lat' dir='ltr'>humeri,</span> <span class='ocrx_word' id='word_1_211' title='bbox 1223 1529 1450 1562; x_wconf 75' lang='lat' dir='ltr'>antibraelzio</span> <span class='ocrx_word' id='word_1_212' title='bbox 1474 1537 1508 1561; x_wconf 86' lang='lat' dir='ltr'>et</span> <span class='ocrx_word' id='word_1_213' title='bbox 1531 1541 1650 1561; x_wconf 71' lang='lat' dir='ltr'>mama.</span> 
     </span>
    </p>

    <p class='ocr_par' dir='ltr' id='par_1_8' title="bbox 142 1583 1832 1967">
     <span class='ocr_line' id='line_1_23' title="bbox 191 1583 1830 1627; baseline 0.002 -11"><span class='ocrx_word' id='word_1_214' title='bbox 191 1585 242 1616; x_wconf 76' lang='lat' dir='ltr'>Os</span> <span class='ocrx_word' id='word_1_215' title='bbox 265 1583 408 1615; x_wconf 68' lang='lat' dir='ltr'>humeri</span> <span class='ocrx_word' id='word_1_216' title='bbox 432 1591 481 1613; x_wconf 89' lang='lat' dir='ltr'>est</span> <span class='ocrx_word' id='word_1_217' title='bbox 503 1583 714 1614; x_wconf 83' lang='lat' dir='ltr'>fusi—forme.</span> <span class='ocrx_word' id='word_1_218' title='bbox 760 1584 1019 1615; x_wconf 82' lang='lat' dir='ltr'>Extremitatem</span> <span class='ocrx_word' id='word_1_219' title='bbox 1043 1585 1149 1616; x_wconf 84' lang='lat' dir='ltr'>habet</span> <span class='ocrx_word' id='word_1_220' title='bbox 1166 1587 1377 1627; x_wconf 87' lang='lat' dir='ltr'>superiorem</span> <span class='ocrx_word' id='word_1_221' title='bbox 1396 1594 1429 1616; x_wconf 88' lang='lat' dir='ltr'>et</span> <span class='ocrx_word' id='word_1_222' title='bbox 1450 1585 1658 1619; x_wconf 86' lang='lat' dir='ltr'>inferiorem.</span> <span class='ocrx_word' id='word_1_223' title='bbox 1705 1587 1745 1619; x_wconf 88' lang='lat' dir='ltr'>In</span> <span class='ocrx_word' id='word_1_224' title='bbox 1775 1600 1830 1620; x_wconf 87' lang='lat' dir='ltr'>su·</span> 
     </span>
     <span class='ocr_line' id='line_1_24' title="bbox 143 1637 1828 1686; baseline 0.002 -13"><span class='ocrx_word' id='word_1_225' title='bbox 143 1642 278 1686; x_wconf 86' lang='lat' dir='ltr'>periore</span> <span class='ocrx_word' id='word_1_226' title='bbox 310 1645 522 1670; x_wconf 75' lang='lat' dir='ltr'>occurruntz</span> <span class='ocrx_word' id='word_1_227' title='bbox 557 1644 694 1678; x_wconf 74' lang='lat' dir='ltr'>caput,</span> <span class='ocrx_word' id='word_1_228' title='bbox 732 1637 825 1681; x_wconf 85' lang='lat' dir='ltr'>quod</span> <span class='ocrx_word' id='word_1_229' title='bbox 858 1638 1034 1671; x_wconf 73' lang='lat' dir='ltr'>arthrodia</span> <span class='ocrx_word' id='word_1_230' title='bbox 1069 1640 1224 1673; x_wconf 82' lang='lat' dir='ltr'>move-tur</span> <span class='ocrx_word' id='word_1_231' title='bbox 1257 1652 1361 1683; x_wconf 85' lang='lat' dir='ltr'>super</span> <span class='ocrx_word' id='word_1_232' title='bbox 1393 1641 1570 1674; x_wconf 85' lang='lat' dir='ltr'>cavitatem</span> <span class='ocrx_word' id='word_1_233' title='bbox 1594 1654 1612 1674; x_wconf 85' lang='lat' dir='ltr'>e</span> <span class='ocrx_word' id='word_1_234' title='bbox 1636 1643 1773 1685; x_wconf 67' lang='lat' dir='ltr'>scapula</span> <span class='ocrx_word' id='word_1_235' title='bbox 1794 1654 1828 1677; x_wconf 88' lang='lat' dir='ltr'>et</span> 
     </span>
     <span class='ocr_line' id='line_1_25' title="bbox 144 1692 1832 1745; baseline 0.002 -17"><span class='ocrx_word' id='word_1_236' title='bbox 144 1694 313 1729; x_wconf 86' lang='lat' dir='ltr'>claviculis</span> <span class='ocrx_word' id='word_1_237' title='bbox 335 1693 521 1735; x_wconf 85' lang='lat' dir='ltr'>majoribus</span> <span class='ocrx_word' id='word_1_238' title='bbox 541 1692 725 1725; x_wconf 84' lang='lat' dir='ltr'>oriundam</span> <span class='ocrx_word' id='word_1_239' title='bbox 740 1708 749 1726; x_wconf 76' lang='lat' dir='ltr'>t</span> <span class='ocrx_word' id='word_1_240' title='bbox 777 1694 1002 1726; x_wconf 68' lang='lat' dir='ltr'>tuberculum</span> <span class='ocrx_word' id='word_1_241' title='bbox 1024 1697 1143 1738; x_wconf 76' lang='lat' dir='ltr'>majus</span> <span class='ocrx_word' id='word_1_242' title='bbox 1164 1696 1258 1739; x_wconf 86' lang='lat' dir='ltr'>quod</span> <span class='ocrx_word' id='word_1_243' title='bbox 1277 1697 1438 1739; x_wconf 76' lang='lat' dir='ltr'>expansio</span> <span class='ocrx_word' id='word_1_244' title='bbox 1469 1707 1518 1729; x_wconf 87' lang='lat' dir='ltr'>est</span> <span class='ocrx_word' id='word_1_245' title='bbox 1539 1709 1652 1735; x_wconf 83' lang='lat' dir='ltr'>ossea,</span> <span class='ocrx_word' id='word_1_246' title='bbox 1675 1700 1713 1731; x_wconf 89' lang='lat' dir='ltr'>in</span> <span class='ocrx_word' id='word_1_247' title='bbox 1737 1702 1832 1745; x_wconf 85' lang='lat' dir='ltr'>prio-</span> 
     </span>
     <span class='ocr_line' id='line_1_26' title="bbox 143 1749 1826 1797; baseline 0.002 -12"><span class='ocrx_word' id='word_1_248' title='bbox 143 1765 180 1785; x_wconf 89' lang='lat' dir='ltr'>re</span> <span class='ocrx_word' id='word_1_249' title='bbox 208 1753 287 1784; x_wconf 83' lang='lat' dir='ltr'>ossis</span> <span class='ocrx_word' id='word_1_250' title='bbox 311 1750 395 1782; x_wconf 85' lang='lat' dir='ltr'>facie</span> <span class='ocrx_word' id='word_1_251' title='bbox 425 1750 547 1786; x_wconf 88' lang='lat' dir='ltr'>obvia,</span> <span class='ocrx_word' id='word_1_252' title='bbox 580 1749 754 1782; x_wconf 86' lang='lat' dir='ltr'>dimidiam</span> <span class='ocrx_word' id='word_1_253' title='bbox 785 1750 855 1782; x_wconf 71' lang='lat' dir='ltr'>fere</span> <span class='ocrx_word' id='word_1_254' title='bbox 880 1750 1131 1794; x_wconf 83' lang='lat' dir='ltr'>longitudinem</span> <span class='ocrx_word' id='word_1_255' title='bbox 1167 1753 1248 1784; x_wconf 83' lang='lat' dir='ltr'>ossis</span> <span class='ocrx_word' id='word_1_256' title='bbox 1281 1753 1602 1797; x_wconf 82' lang='lat' dir='ltr'>comprehendenS,</span> <span class='ocrx_word' id='word_1_257' title='bbox 1633 1756 1826 1789; x_wconf 87' lang='lat' dir='ltr'>inserendis</span> 
     </span>
     <span class='ocr_line' id='line_1_27' title="bbox 142 1805 1825 1856; baseline 0.003 -16"><span class='ocrx_word' id='word_1_258' title='bbox 142 1807 302 1841; x_wconf 85' lang='lat' dir='ltr'>musculis</span> <span class='ocrx_word' id='word_1_259' title='bbox 325 1806 424 1839; x_wconf 69' lang='lat' dir='ltr'>variis</span> <span class='ocrx_word' id='word_1_260' title='bbox 443 1805 672 1850; x_wconf 81' lang='lat' dir='ltr'>pectoralibus</span> <span class='ocrx_word' id='word_1_261' title='bbox 691 1814 741 1838; x_wconf 85' lang='lat' dir='ltr'>est</span> <span class='ocrx_word' id='word_1_262' title='bbox 761 1806 895 1838; x_wconf 82' lang='lat' dir='ltr'>idonea.</span> <span class='ocrx_word' id='word_1_263' title='bbox 939 1808 996 1839; x_wconf 86' lang='lat' dir='ltr'>Ad</span> <span class='ocrx_word' id='word_1_264' title='bbox 1011 1817 1196 1851; x_wconf 85' lang='lat' dir='ltr'>utrumque</span> <span class='ocrx_word' id='word_1_265' title='bbox 1215 1809 1302 1841; x_wconf 82' lang='lat' dir='ltr'>latus</span> <span class='ocrx_word' id='word_1_266' title='bbox 1321 1809 1462 1851; x_wconf 88' lang='lat' dir='ltr'>hujusce</span> <span class='ocrx_word' id='word_1_267' title='bbox 1479 1811 1658 1843; x_wconf 74' lang='lat' dir='ltr'>tuberculi</span> <span class='ocrx_word' id='word_1_268' title='bbox 1675 1815 1825 1856; x_wconf 73' lang='lat' dir='ltr'>majoris</span> 
     </span>
     <span class='ocr_line' id='line_1_28' title="bbox 142 1863 1822 1912; baseline 0.004 -15"><span class='ocrx_word' id='word_1_269' title='bbox 142 1864 266 1897; x_wconf 88' lang='lat' dir='ltr'>canalis</span> <span class='ocrx_word' id='word_1_270' title='bbox 281 1863 490 1907; x_wconf 87' lang='lat' dir='ltr'>conspicitur</span> <span class='ocrx_word' id='word_1_271' title='bbox 506 1889 514 1901; x_wconf 79' lang='lat'><em>‚</em></span> <span class='ocrx_word' id='word_1_272' title='bbox 535 1864 672 1895; x_wconf 71' lang='lat' dir='ltr'>canalis</span> <span class='ocrx_word' id='word_1_273' title='bbox 692 1864 889 1895; x_wconf 73' lang='lat' dir='ltr'>humeralis</span> <span class='ocrx_word' id='word_1_274' title='bbox 909 1866 1118 1908; x_wconf 73' lang='lat' dir='ltr'>(gozcttiere</span> <span class='ocrx_word' id='word_1_275' title='bbox 1136 1865 1318 1898; x_wconf 71' lang='lat' dir='ltr'>humerale</span> <span class='ocrx_word' id='word_1_276' title='bbox 1336 1866 1499 1900; x_wconf 82' lang='lat' dir='ltr'>Cuvier</span> <span class='ocrx_word' id='word_1_277' title='bbox 1511 1869 1528 1909; x_wconf 93' lang='lat'><em>)</em></span> <span class='ocrx_word' id='word_1_278' title='bbox 1541 1892 1550 1905; x_wconf 89' lang='lat'>‚</span> <span class='ocrx_word' id='word_1_279' title='bbox 1576 1877 1676 1912; x_wconf 89' lang='lat' dir='ltr'>atque</span> <span class='ocrx_word' id='word_1_280' title='bbox 1698 1871 1822 1903; x_wconf 70' lang='lat' dir='ltr'>teiber-</span> 
     </span>
     <span class='ocr_line' id='line_1_29' title="bbox 144 1919 1084 1967; baseline 0 -13"><span class='ocrx_word' id='word_1_281' title='bbox 144 1923 262 1954; x_wconf 72' lang='lat' dir='ltr'>culam</span> <span class='ocrx_word' id='word_1_282' title='bbox 285 1921 402 1952; x_wconf 77' lang='lat' dir='ltr'>minus</span> <span class='ocrx_word' id='word_1_283' title='bbox 425 1919 519 1963; x_wconf 88' lang='lat' dir='ltr'>quod</span> <span class='ocrx_word' id='word_1_284' title='bbox 543 1920 692 1952; x_wconf 77' lang='lat' dir='ltr'>anterius</span> <span class='ocrx_word' id='word_1_285' title='bbox 711 1929 761 1953; x_wconf 90' lang='lat' dir='ltr'>est</span> <span class='ocrx_word' id='word_1_286' title='bbox 784 1928 817 1953; x_wconf 91' lang='lat' dir='ltr'>et</span> <span class='ocrx_word' id='word_1_287' title='bbox 837 1922 900 1953; x_wconf 87' lang='lat' dir='ltr'>sub</span> <span class='ocrx_word' id='word_1_288' title='bbox 927 1920 1084 1967; x_wconf 82' lang='lat' dir='ltr'>capitulo.</span> 
     </span>
    </p>

    <p class='ocr_par' dir='ltr' id='par_1_9' title="bbox 131 1976 1821 2132">
     <span class='ocr_line' id='line_1_30' title="bbox 182 1976 1821 2022; baseline 0.004 -13"><span class='ocrx_word' id='word_1_289' title='bbox 182 1977 225 2009; x_wconf 89' lang='lat' dir='ltr'>In</span> <span class='ocrx_word' id='word_1_290' title='bbox 246 1976 408 2008; x_wconf 88' lang='lat' dir='ltr'>inferiore</span> <span class='ocrx_word' id='word_1_291' title='bbox 435 1976 618 2020; x_wconf 85' lang='lat' dir='ltr'>superficie</span> <span class='ocrx_word' id='word_1_292' title='bbox 640 1977 783 2010; x_wconf 84' lang='lat' dir='ltr'>adsunt:</span> <span class='ocrx_word' id='word_1_293' title='bbox 811 1979 979 2022; x_wconf 76' lang='lat' dir='ltr'>conciylas</span> <span class='ocrx_word' id='word_1_294' title='bbox 999 1980 1205 2021; x_wconf 74' lang='lat' dir='ltr'>capitatus,</span> <span class='ocrx_word' id='word_1_295' title='bbox 1228 1980 1455 2012; x_wconf 74' lang='lat' dir='ltr'>antibracliio</span> <span class='ocrx_word' id='word_1_296' title='bbox 1474 1981 1641 2014; x_wconf 88' lang='lat' dir='ltr'>movendo</span> <span class='ocrx_word' id='word_1_297' title='bbox 1662 1995 1821 2017; x_wconf 87' lang='lat' dir='ltr'>necessa-</span> 
     </span>
     <span class='ocr_line' id='line_1_31' title="bbox 140 2033 1818 2081; baseline 0.005 -15"><span class='ocrx_word' id='word_1_298' title='bbox 140 2037 222 2067; x_wconf 82' lang='lat' dir='ltr'>rius.</span> <span class='ocrx_word' id='word_1_299' title='bbox 272 2033 448 2076; x_wconf 72' lang='lat' dir='ltr'>Condylus</span> <span class='ocrx_word' id='word_1_300' title='bbox 470 2034 652 2071; x_wconf 77' lang='lat' dir='ltr'>internus,</span> <span class='ocrx_word' id='word_1_301' title='bbox 675 2034 735 2078; x_wconf 85' lang='lat' dir='ltr'>qui</span> <span class='ocrx_word' id='word_1_302' title='bbox 752 2034 892 2068; x_wconf 86' lang='lat' dir='ltr'>inservit</span> <span class='ocrx_word' id='word_1_303' title='bbox 913 2037 1159 2069; x_wconf 73' lang='lat' dir='ltr'>extensoribus</span> <span class='ocrx_word' id='word_1_304' title='bbox 1177 2036 1420 2079; x_wconf 75' lang='lat' dir='ltr'>etflexoribccs</span> <span class='ocrx_word' id='word_1_305' title='bbox 1435 2037 1634 2081; x_wconf 72' lang='lat' dir='ltr'>digitorum</span> <span class='ocrx_word' id='word_1_306' title='bbox 1659 2040 1818 2074; x_wconf 87' lang='lat' dir='ltr'>inseren-</span> 
     </span>
     <span class='ocr_line' id='line_1_32' title="bbox 131 2089 1334 2132; baseline 0.003 -10"><span class='ocrx_word' id='word_1_307' title='bbox 131 2091 206 2124; x_wconf 74' lang='lat' dir='ltr'>³dis.</span> <span class='ocrx_word' id='word_1_308' title='bbox 253 2090 401 2132; x_wconf 78' lang='lat' dir='ltr'>Conclyli</span> <span class='ocrx_word' id='word_1_309' title='bbox 424 2090 459 2121; x_wconf 90' lang='lat' dir='ltr'>in</span> <span class='ocrx_word' id='word_1_310' title='bbox 478 2089 615 2122; x_wconf 89' lang='lat' dir='ltr'>homine</span> <span class='ocrx_word' id='word_1_311' title='bbox 641 2092 781 2123; x_wconf 78' lang='lat' dir='ltr'>externi</span> <span class='ocrx_word' id='word_1_312' title='bbox 801 2091 873 2124; x_wconf 84' lang='lat' dir='ltr'>fere</span> <span class='ocrx_word' id='word_1_313' title='bbox 900 2092 956 2124; x_wconf 83' lang='lat' dir='ltr'>hic</span> <span class='ocrx_word' id='word_1_314' title='bbox 978 2092 1073 2125; x_wconf 87' lang='lat' dir='ltr'>adest</span> <span class='ocrx_word' id='word_1_315' title='bbox 1089 2093 1334 2126; x_wconf 85' lang='lat' dir='ltr'>rudimentum.</span> 
     </span>
    </p>

    <p class='ocr_par' dir='ltr' id='par_1_10' title="bbox 177 2144 1441 2195">
     <span class='ocr_line' id='line_1_33' title="bbox 177 2144 1441 2195; baseline 0.003 -16"><span class='ocrx_word' id='word_1_316' title='bbox 177 2144 442 2187; x_wconf 82' lang='lat' dir='ltr'>Longitudinem</span> <span class='ocrx_word' id='word_1_317' title='bbox 467 2158 504 2177; x_wconf 75' lang='lat' dir='ltr'>os</span> <span class='ocrx_word' id='word_1_318' title='bbox 531 2147 673 2180; x_wconf 72' lang='lat' dir='ltr'>humeri</span> <span class='ocrx_word' id='word_1_319' title='bbox 689 2147 761 2180; x_wconf 85' lang='lat' dir='ltr'>fere</span> <span class='ocrx_word' id='word_1_320' title='bbox 785 2148 929 2182; x_wconf 83' lang='lat' dir='ltr'>eandem</span> <span class='ocrx_word' id='word_1_321' title='bbox 949 2149 1054 2182; x_wconf 88' lang='lat' dir='ltr'>habet</span> <span class='ocrx_word' id='word_1_322' title='bbox 1086 2161 1163 2183; x_wconf 85' lang='lat' dir='ltr'>cum</span> <span class='ocrx_word' id='word_1_323' title='bbox 1185 2162 1256 2183; x_wconf 87' lang='lat' dir='ltr'>osse</span> <span class='ocrx_word' id='word_1_324' title='bbox 1277 2151 1441 2195; x_wconf 70' lang='lat' dir='ltr'>coccygis.</span> 
     </span>
    </p>
   </div>
   <div class='ocr_carea' id='block_1_5' title="bbox 1731 2211 1820 2244">
    <p class='ocr_par' dir='ltr' id='par_1_11' title="bbox 1731 2211 1820 2244">
     <span class='ocr_line' id='line_1_34' title="bbox 1731 2211 1820 2244; baseline 0.011 -1"><span class='ocrx_word' id='word_1_325' title='bbox 1731 2211 1820 2244; x_wconf 74' lang='lat' dir='ltr'>Att-</span> 
     </span>
    </p>
   </div>
   <div class='ocr_carea' id='block_1_6' title="bbox 178 2292 783 2332">
    <p class='ocr_par' dir='ltr' id='par_1_12' title="bbox 178 2292 783 2332">
     <span class='ocr_line' id='line_1_35' title="bbox 178 2292 783 2332; baseline 0.012 -13"><span class='ocrx_word' id='word_1_326' title='bbox 178 2294 229 2330; x_wconf 81' lang='grc' dir='ltr'>(ι)</span> <span class='ocrx_word' id='word_1_327' title='bbox 254 2292 390 2320; x_wconf 82' lang='lat' dir='ltr'>Lehrbuch</span> <span class='ocrx_word' id='word_1_328' title='bbox 412 2293 456 2320; x_wconf 85' lang='lat' dir='ltr'>der</span> <span class='ocrx_word' id='word_1_329' title='bbox 478 2294 629 2330; x_wconf 83' lang='lat' dir='ltr'>Zootomie,</span> <span class='ocrx_word' id='word_1_330' title='bbox 652 2303 708 2330; x_wconf 78' lang='lat' dir='ltr'>pag.</span> <span class='ocrx_word' id='word_1_331' title='bbox 724 2303 783 2332; x_wconf 80' lang='lat'>119.&#39;</span> 
     </span>
    </p>
   </div>
   <div class='ocr_carea' id='block_1_7' title="bbox 177 2340 1152 2427">
    <p class='ocr_par' dir='ltr' id='par_1_13' title="bbox 177 2340 1152 2427">
     <span class='ocr_line' id='line_1_36' title="bbox 201 2341 471 2371; baseline 0.007 -4"><span class='ocrx_word' id='word_1_332' title='bbox 201 2352 216 2369; x_wconf 84' lang='lat'>2</span> <span class='ocrx_word' id='word_1_333' title='bbox 257 2341 279 2370; x_wconf 83' lang='lat' dir='ltr'>l.</span> <span class='ocrx_word' id='word_1_334' title='bbox 295 2341 313 2369; x_wconf 94' lang='lat' dir='ltr'>l.</span> <span class='ocrx_word' id='word_1_335' title='bbox 358 2351 370 2367; x_wconf 87' lang='lat' dir='ltr'>a</span> <span class='ocrx_word' id='word_1_336' title='bbox 387 2360 397 2371; x_wconf 88' lang='lat'><strong>.</strong></span> <span class='ocrx_word' id='word_1_337' title='bbox 416 2352 442 2369; x_wconf 76' lang='grc' dir='ltr'>ιι</span> <span class='ocrx_word' id='word_1_338' title='bbox 464 2362 471 2369; x_wconf 93' lang='grc'><em>.</em></span> 
     </span>
     <span class='ocr_line' id='line_1_37' title="bbox 177 2340 1152 2427; baseline 0.002 -10"><span class='ocrx_word' id='word_1_339' title='bbox 177 2340 235 2425; x_wconf 59' lang='lat'>{33</span> <span class='ocrx_word' id='word_1_340' title='bbox 258 2351 426 2423; x_wconf 57' lang='lat' dir='ltr'>Philosllsfighie</span> <span class='ocrx_word' id='word_1_341' title='bbox 442 2351 605 2426; x_wconf 53' lang='lat' dir='ltr'>aquatomique</span> <span class='ocrx_word' id='word_1_342' title='bbox 629 2397 693 2420; x_wconf 81' lang='lat' dir='ltr'>tom.</span> <span class='ocrx_word' id='word_1_343' title='bbox 708 2391 730 2421; x_wconf 90' lang='lat'>1.</span> <span class='ocrx_word' id='word_1_344' title='bbox 754 2391 863 2427; x_wconf 79' lang='lat' dir='ltr'>planche</span> <span class='ocrx_word' id='word_1_345' title='bbox 880 2401 907 2421; x_wconf 79' lang='lat'>2·</span> <span class='ocrx_word' id='word_1_346' title='bbox 932 2393 972 2427; x_wconf 82' lang='lat' dir='ltr'>fig·</span> <span class='ocrx_word' id='word_1_347' title='bbox 991 2402 1033 2423; x_wconf 85' lang='lat'>22.</span> <span class='ocrx_word' id='word_1_348' title='bbox 1055 2393 1109 2422; x_wconf 80' lang='lat' dir='ltr'>litt.</span> <span class='ocrx_word' id='word_1_349' title='bbox 1127 2402 1152 2419; x_wconf 86' lang='lat' dir='ltr'>e.</span> 
     </span>
    </p>
   </div>
  </div>
 </body>
</html>
