2080 2744
788 210 1279 247 ADDENDA.
1835 227 1874 258 72

184 307 291 342 'eundi
311 308 403 353 paris
426 304 591 346 dorsalis;
620 314 697 336 cum
712 303 807 338 hisce
825 303 1006 355 brachium
1027 303 1114 352 petit
1136 310 1171 336 et
1190 311 1396 347 magnopere
1422 303 1557 337 confert
1580 304 1623 337 ad
1651 304 1865 338 constituen-

186 366 269 398 dum
290 365 426 409 plexum
447 360 666 394 brachialem.

232 422 430 465 Sequuntur
456 428 600 463 quatuor
622 419 715 463 paria
737 431 919 452 nervorum
941 417 1145 457 dorsalium,
1172 429 1316 461 quorum
1340 418 1437 450 nervi
1464 418 1562 450 multi
1584 419 1752 451 tenuiores
1771 428 1869 453 sunt;

185 477 314 524 primi,
337 485 375 508 ut
394 476 556 515 vidimus,
581 488 710 507 ramum
729 475 771 507 ad
799 475 935 518 plexum
953 474 1162 507 brachialem
1188 474 1391 505 dimittunt:
1424 483 1606 518 sequentes
1645 487 1759 507 omnes
1785 475 1869 507 rami

187 543 396 566 caeterorum
431 532 564 576 parium
597 543 781 564 nervorum
826 531 1011 563 dorsalium
1042 532 1245 563 emittuntur
1277 529 1320 561 ad
1356 530 1524 562 musculos
1564 532 1871 564 intel-transversa-

186 591 253 621 rios
277 598 311 621 et
344 588 457 628 d01·si;
492 587 605 619 trunci
638 588 714 632 ipsi‘
736 588 905 620 musculos
929 588 1079 631 pectoris
1109 595 1144 619 et
1173 586 1365 619 abdominis
1388 595 1512 631 petunt
1535 596 1569 620 et
1595 590 1631 620 in
1662 588 1700 620 iis
1728 588 1867 631 disper-

182 653 319 688 guntur.

230 703 301 733 Duo
325 701 502 745 sequentia
525 700 620 743 paria
648 700 819 743 (quorum
846 701 998 744 superius
1024 712 1086 742 par
1116 700 1208 732 inter
1238 700 1416 743 septimam
1443 708 1477 731 ct
1504 709 1655 733 octavam
1677 701 1778 732 totius
1806 712 1868 732 co-

185 758 318 789 lumnae
347 758 540 790 vertebram
566 757 694 793 oritur,
719 757 881 796 inferius,
901 756 1026 788 sacrale
1050 756 1259 796 dicendum,
1283 756 1374 787 inter
1403 757 1595 788 vertebram
1618 757 1787 788 dorsalem
1809 756 1865 787 ul-

188 816 303 846 timam
322 822 355 846 et
380 814 574 846 vertebram
601 822 713 845 ortum
734 813 831 845 ducit
846 812 1049 855 sacralem3)
1073 813 1308 856 superioribus
1331 812 1438 845 multo
1466 815 1651 851 crassiora,
1679 813 1869 846 decurrunt

186 873 279 913 juxta
299 870 549 911 longitudinem
575 880 724 901 ossorum
749 869 798 901 ilii
824 869 933 902 donec
962 869 1102 901 accedat
1130 877 1251 903 nervus
1279 869 1425 902 caudalis
1454 870 1478 902 i.
1502 883 1530 903 e.
1556 871 1615 914 qui
1643 871 1752 902 oritur
1779 870 1870 901 inter

184 927 375 959 vertebram
398 925 557 958 sacralem
581 934 615 957 et
641 924 823 959 caudalem.
868 926 1031 959 Formant
1053 925 1088 956 hi
1110 926 1224 956 trunci
1241 933 1309 957 tres
1329 925 1467 969 plexum
1487 926 1680 959 femoralem
1700 935 1732 958 et
1754 925 1796 957 ad
1812 927 1867 958 fe-

184 996 261 1015 mur
273 995 415 1015 nervum
429 981 596 1014 cruralem
606 981 789 1013 demittunt
801 1008 810 1019 ,
828 982 886 1025 qui
902 983 937 1013 in
959 983 1030 1022 ejus
1046 982 1217 1013 anteriore
1237 990 1334 1027 parte
1350 981 1537 1015 dividitur:
1556 981 1749 1014 decurrunt
1764 995 1868 1026 porro

182 1041 219 1071 in
240 1038 364 1085 pelvim
376 1039 592 1079 interim-cmg
618 1038 665 1069 ibi
687 1039 782 1070 nervi
802 1038 990 1078 iscliiatici‚
1011 1037 1070 1082 qui
1083 1049 1191 1069 ramos
1207 1038 1243 1069 iu
1269 1037 1439 1070 musculos
1461 1038 1589 1080 gluteos
1612 1047 1645 1070 et
1666 1041 1870 1082 posteriores

183 1096 320 1128 semoris
348 1094 532 1138 propellit,
565 1095 639 1140 ipse
672 1102 811 1126 truncus
843 1095 1067 1138 posteriorem
1100 1102 1233 1137 partem
1259 1094 1395 1126 femoris
1428 1096 1515 1138 petit
1541 1103 1575 1126 ct
1605 1096 1696 1126 inter
1724 1108 1865 1127 museu-

182 1152 232 1184 los
257 1151 595 1183 semimembranosos
618 1158 651 1182 et
676 1142 956 1184 semiiendinosos
982 1150 1204 1195 progrediens
1227 1150 1393 1183 dividitur
1419 1152 1455 1182 in
1486 1150 1677 1195 popliteum
1696 1152 1869 1184 internum

183 1216 218 1240 et
250 1216 449 1246 externum3
488 1207 610 1238 horum
642 1206 797 1238 internus
834 1219 1002 1251 peroneus
1036 1222 1106 1241 sese
1136 1209 1260 1244 dividit
1287 1210 1323 1241 in
1354 1222 1486 1242 ramum
1527 1211 1640 1254 ipsum
1680 1212 1869 1244 musculum

183 1276 376 1309 peroneum
400 1271 576 1306 petentem
601 1271 634 1294 et
661 1263 696 1294 in
725 1263 826 1293 alium
856 1264 916 1306 qui
943 1266 1037 1303 iuxta
1072 1265 1171 1295 tibiae
1201 1264 1288 1297 latus
1319 1266 1496 1298 internum
1526 1266 1746 1308 progreditur
1770 1277 1803 1300 et
1833 1270 1870 1301 in

185 1322 303 1366 planta
329 1319 426 1364 pedis
457 1319 642 1360 digitorum
675 1319 859 1350 ssexoribus
886 1319 1031 1351 ramulos
1056 1321 1212 1364 praebet.
1268 1322 1458 1363 Externus‚
1491 1323 1638 1363 tibialis,
1669 1336 1733 1367 per
1765 1333 1868 1357 totam

187 1379 289 1410 tibiae
313 1375 563 1418 longitudinem
587 1374 764 1411 decurrit,
796 1387 928 1406 ramum
959 1376 1030 1416 ejus
1054 1376 1213 1408 musculis
1240 1377 1431 1423 relinquit,
1456 1379 1499 1412 ad
1523 1379 1662 1412 dorsum
1680 1381 1779 1424 pedis
1797 1394 1866 1415 sese

186 1431 342 1466 extendit
363 1438 396 1461 et
418 1429 556 1471 singulis
578 1429 738 1461 musculis
762 1432 995 1463 extensoribus
1017 1444 1158 1465 nervum
1183 1435 1352 1468 concedit.

197 1512 200 1513 ν
226 1488 327 1523 Nervi
351 1487 507 1527 brachii,
530 1495 568 1518 ut
591 1485 735 1518 vidimus
750 1511 758 1526 ‚
791 1487 947 1519 oriuntur
978 1491 1162 1533 praecipue
1189 1502 1230 1522 ex
1252 1503 1358 1523 nervo
1381 1493 1493 1536 primo
1514 1492 1639 1525 dorsali
1658 1493 1710 1525 cui
1734 1494 1864 1536 adjun-

184 1547 276 1590 gitur
296 1555 406 1576 ramus
421 1543 517 1576 nervi
545 1542 717 1575 cervicalis
741 1551 773 1574 et
801 1544 942 1576 secundi
971 1545 1141 1579 dorsalis:
1167 1547 1203 1577 in
1236 1548 1377 1579 cavitate
1409 1549 1539 1580 axillari
1563 1562 1603 1581 ex
1634 1550 1672 1581 iis
1695 1551 1860 1583 formatur

182 1602 302 1648 plexus
329 1599 509 1631 brachialis
532 1599 580 1630 ibi
602 1599 643 1630 ad
669 1598 823 1643 scapulae
844 1601 1011 1633 musculos
1036 1614 1146 1633 ramus
1175 1603 1354 1642 excurritg
1379 1603 1451 1646 ipse
1473 1605 1509 1636 in
1537 1612 1674 1638 truncos
1697 1607 1780 1639 duos
1806 1608 1865 1640 di-

183 1659 332 1696 viditur,
352 1668 497 1700 quorum
512 1655 681 1696 exterior,
703 1656 855 1688 ritclialis
879 1658 1007 1689 circum
1028 1659 1139 1703 ipsum
1165 1671 1199 1690 os
1211 1659 1344 1692 brachii
1370 1659 1670 1703 circumvolvitur-3
1696 1675 1785 1705 pone
1808 1676 1869 1695 ar—

183 1714 415 1748 ticulationem
440 1712 573 1743 brachii
593 1721 626 1744 et
647 1713 854 1745 antibrachii
875 1715 936 1745 sub
958 1715 1165 1746 antibraehii
1184 1715 1343 1747 musculis
1365 1718 1511 1748 externis
1535 1719 1653 1760 prodit
1675 1728 1708 1752 et
1727 1721 1864 1754 tandem

184 1771 351 1805 dividitur
371 1771 406 1801 in
426 1781 557 1801 ramum
580 1769 690 1812 ipsam
711 1777 823 1802 eutem
840 1779 1033 1814 petentem,
1051 1780 1084 1803 et
1104 1772 1140 1804 in
1163 1772 1308 1805 alterum
1335 1772 1378 1805 ad
1395 1774 1563 1806 musculos
1583 1783 1776 1809 extensores
1806 1779 1864 1809 ai-

180 1829 326 1872 gitorum
346 1826 597 1858 decurrentem.

225 1884 373 1917 Interior
403 1891 543 1915 truncus
579 1881 697 1926 plexus
722 1882 927 1922 brachialis⁹
951 1883 1149 1925 medianus,
1174 1894 1252 1918 ante
1279 1897 1314 1918 os
1340 1886 1475 1918 brachii
1499 1886 1652 1920 decurrit
1678 1890 1741 1921 sub
1767 1902 1862 1922 mus-

183 1941 266 1975 culis
294 1940 335 1971 ad
362 1938 485 1984 plicam
506 1939 657 1976 brachii3
681 1951 784 1983 porro
810 1939 975 1972 dividitur
998 1942 1034 1973 in
1057 1955 1187 1974 ramum
1207 1941 1350 1975 alterum
1371 1944 1581 1985 tenuiorem,
1604 1944 1746 1978 alterum
1769 1959 1864 1979 cras—

183 1999 328 2031 siorem3
367 1996 508 2027 crassior
538 1997 633 2038 juxta
664 1996 914 2029 antibrachium
945 1994 1007 2030 sub
1044 1998 1225 2041 ligamento
1265 2000 1359 2045 carpi
1395 1999 1438 2031 ad
1478 2001 1645 2032 musculos
1678 2001 1862 2044 digitorum

182 2053 362 2099 pervenit3
396 2052 529 2084 tenuior
560 2052 783 2096 superficialis
813 2052 904 2085 inter
935 2054 1118 2095 digitorum
1144 2055 1287 2089 flexores
1321 2056 1546 2099 progrediens
1576 2058 1612 2089 in
1636 2066 1710 2090 cute
1744 2072 1861 2092 manus

184 2110 324 2144 desinit.
368 2108 473 2152 Quod
489 2108 531 2140 ad
550 2121 670 2141 nervos
690 2106 872 2151 cutaneos,
892 2120 1027 2154 praeter
1051 2123 1105 2143 eos
1131 2113 1191 2157 qui
1219 2125 1258 2145 ex
1286 2113 1357 2145 aliis
1383 2114 1495 2146 nervis
1524 2115 1592 2146 sive
1612 2116 1863 2148 extremitatum

185 2167 253 2200 sive
277 2165 467 2199 abdominis
493 2166 649 2199 oriuntur
669 2166 725 2199 alii
740 2167 852 2200 adhuc
874 2169 911 2199 in
931 2167 1032 2200 dorso
1054 2180 1095 2200 ex
1116 2166 1253 2214 quaque
1280 2170 1401 2202 fissura
1417 2193 1425 2209 ‚
1454 2182 1538 2213 quae
1563 2170 1772 2214 relinquitur
1802 2174 1863 2205 in-

186 2231 239 2255 ter
262 2234 457 2266 processum
474 2222 647 2267 spinosum
666 2225 911 2269 cujuscunque]
927 2226 1104 2259 vertebrae
1129 2227 1312 2270 etjpartem
1342 2227 1547 2259 anteriorem
1577 2229 1770 2270 sequenti5‚
1799 2241 1859 2261 or-

184 2287 258 2314 tum
280 2279 434 2310 trahunt.

1779 2381 1865 2416 EX-
