2080 2744
488 343 1599 442 §OMMENTATIO

1017 513 1084 540 AD

261 638 1032 689 QUAESTIONEM
1133 644 1834 686 ZOOLOGICAM.

733 832 1056 843 -—-.—·-——-·
1065 832 1360 842 ——c——m

713 972 977 1005 RATIO
1068 972 1390 1006 OPERIS.

208 1090 268 1139 Ita
292 1115 376 1147 quae
397 1104 438 1134 de
459 1103 642 1135 hau-achiis
662 1104 808 1136 dicenda
831 1106 998 1139 habebam
1019 1107 1135 1147 divisi,
1154 1115 1191 1139 ut
1209 1106 1303 1149 prius
1324 1117 1458 1139 narrem
1484 1106 1567 1150 quid
1593 1106 1636 1139 sit
1655 1107 1836 1141 batrachus
1856 1108 1892 1141 in

207 1172 351 1202 genere,
377 1159 531 1204 quisnam
552 1159 646 1191 locus
669 1160 705 1191 in
730 1162 871 1194 maxima
899 1163 957 1196 illst
975 1164 1171 1196 animalium
1193 1164 1278 1195 serie
1303 1163 1352 1195 illi
1377 1165 1420 1195 sit
1447 1163 1664 1206 adscriptus,
1690 1165 1894 1207 quibusnam

210 1215 464 1248 characteribus
486 1216 527 1247 ab
551 1215 708 1246 omnibus
730 1227 800 1246 sese
825 1217 897 1246 aliis
925 1219 1125 1248 animalibus
1148 1221 1212 1247 rito
1235 1219 1433 1257 distinguat.

250 1271 409 1304 Secunda
424 1282 502 1314 pars
522 1279 593 1312 aget
613 1270 655 1302 de
677 1271 857 1312 generibus
884 1280 918 1303 et
938 1272 1113 1316 speciebus
1133 1271 1384 1303 batrachiorum
1397 1294 1407 1311 ‚
1427 1272 1462 1303 in
1484 1271 1595 1314 Belgio
1611 1282 1727 1306 nostro
1747 1274 1814 1308 huc
1833 1288 1893 1309 us-

208 1340 274 1371 que
297 1328 535 1367 inventorum,
566 1339 630 1359 nec
650 1339 720 1359 non
747 1328 789 1360 de
812 1328 1081 1372 proprietatibus
1100 1329 1294 1372 praecipuis
1317 1328 1415 1360 unius
1437 1330 1671 1373 cujuscunque
1689 1332 1826 1373 speciei.

253 1384 371 1414 Tertia
395 1382 522 1415 deinde
547 1396 625 1428 pars
641 1409 651 1422 ,
678 1383 802 1429 illaque
824 1386 989 1422 maxima,
1012 1385 1203 1418 continebit
1219 1392 1395 1417 anatomen
1417 1385 1531 1418 Ranae
1549 1385 1761 1428 esculentae,
1780 1389 1894 1432 inpri-

207 1440 338 1482 misque
362 1439 646 1482 osteographiam.

253 1495 390 1526 Hancce
414 1495 482 1535 jam
506 1495 707 1527 divisionem
727 1506 804 1527 cum
824 1496 922 1538 genio
946 1514 987 1521 —
1011 1498 1070 1541 qui
1095 1496 1222 1530 dicitur
1245 1516 1286 1524 —
1310 1498 1517 1542 quaestionis
1552 1500 1733 1533 convenire
1754 1502 1898 1536 credidi.

209 1552 372 1593 Quamvis
397 1551 488 1583 enim
509 1562 578 1582 non
603 1551 796 1596 specialiter
821 1553 857 1584 in
879 1552 936 1584 illa
965 1552 1093 1586 dicitur
1113 1554 1155 1585 de
1183 1555 1272 1586 ranis
1298 1555 1333 1586 in
1357 1567 1499 1596 genere,
1529 1564 1638 1588 tamen
1672 1557 1755 1588 mihi
1775 1559 1896 1602 inqui-

209 1609 297 1640 renti
318 1608 414 1640 basin
445 1607 527 1640 inde
555 1607 726 1651 quandam
753 1608 932 1641 affuturam
959 1618 991 1641 et
1021 1608 1142 1642 lectori
1162 1609 1335 1642 meliorem
1358 1610 1603 1653 clarioremque
1630 1612 1740 1643 ideam
1755 1612 1798 1644 de
1815 1624 1899 1645 rana

212 1666 393 1706 orituram,
416 1664 598 1696 arbitratus
622 1674 705 1697 sum.

1782 2396 1895 2429 PARS
