2080 2744
241 204 279 238 ‚3
645 184 1541 248 H2L.2vrnA1.rENA‚

241 308 334 334 mes,
366 294 507 338 fereque
538 288 785 337 pyramidales‚
819 300 966 333 quarum
993 290 1103 330 major
1129 299 1288 333 apertura
1323 306 1421 329 nares
1446 305 1590 342 spectat.
1636 301 1691 334 Ad
1717 301 1823 336 latera
1854 307 1929 339 ibi-

246 365 312 398 que
332 351 471 397 quidem
491 350 527 381 in
552 349 725 392 superiore
756 355 854 390 parte
882 345 949 378 duo
972 346 1138 379 foramina
1157 347 1302 390 adsunt,
1326 352 1369 384 ad
1389 357 1670 391 transmittendos
1691 372 1814 393 nervos·
1839 365 1931 405 oph*

244 410 432 443 thalmicos
447 431 458 447 ‚
484 407 596 451 quinti
616 405 723 452 paris.
769 403 974 448 Superficies
999 415 1107 448 porro
1127 405 1283 451 superior
1299 406 1401 451 plana
1423 420 1500 454 est,
1525 419 1627 459 atque
1657 416 1764 450 multo
1791 419 1929 453 brevior

240 467 423 512 superficie
443 466 625 505 inferiore,
651 476 735 509 quae
758 471 791 496 et
815 474 965 495 convexa
986 470 1049 494 est.

291 523 340 556 Os
353 522 519 566 frontale
550 522 693 553 sormam
723 520 794 553 fere
820 516 966 552 haberet
990 517 1319 562 parallelogrammi,
1345 524 1417 556 nisi
1442 537 1522 570 pars
1545 530 1713 574 posterior
1741 532 1842 566 latior
1869 546 1929 567 es-

240 590 299 614 set.
350 579 604 613 Tenuissimum
627 587 677 612 est
705 590 740 610 os
756 599 766 617 ‚
790 584 892 621 atque
914 577 984 607 una
1012 576 1248 610 tantummodo
1268 589 1399 614 constat
1418 581 1554 618 lamina.
1601 587 1726 621 Ortum
1747 598 1797 622 est
1815 591 1932 635 (quod

241 641 275 670 iu
299 637 493 680 junioribus
522 637 623 669 etiam
640 634 828 668 individuis
850 632 1089 675 observatur)
1108 645 1126 664 e
1155 633 1288 668 duobus
1308 639 1438 671 ossibus
1459 642 1550 674 inter
1577 654 1610 674 se
1632 645 1797 678 similibus
1813 670 1823 688 ,
1847 660 1935 693 quae

244 696 286 727 ad
318 694 482 738 posticam
515 700 649 737 partem
679 691 878 734 irregularia
897 714 907 732 ‚
948 689 1059 722 amice
1102 699 1227 723 exeunt
1260 693 1298 724 in
1332 693 1684 739 parallelogrammum
1712 702 1932 746 completum.

241 752 470 797 Sequentibus
505 751 602 782 annis
635 751 866 783 extremitates
899 745 1102 790 irregulares
1140 749 1419 792 conjunguntur,
1459 753 1628 795 regulares
1659 765 1771 789 autem
1801 769 1936 803 semper

243 822 260 840 a
299 821 332 840 se
370 807 515 840 invicem
551 815 697 839 remotae
740 814 902 846 manent,
941 805 1006 837 nisi
1043 803 1230 848 aliquando
1270 808 1465 851 cartilagine
1498 809 1670 845 obductae
1712 814 1935 856 conjunctio-

242 877 319 897 nem
344 864 523 909 partialem
545 865 700 896 subeant.
748 866 872 895 Totam
889 859 1140 902 longitudinem
1162 862 1270 894 cranii
1292 871 1440 906 superne
1465 868 1690 899 constituunt.
1713 870 1850 902 *Facies
1872 882 1933 902 su-

241 922 357 965 perior
386 919 488 962 plana
515 928 576 951 est.
623 919 744 952 Sulcus
770 927 897 955 autem,
923 930 941 949 e
973 917 1148 962 symphysi
1176 920 1299 952 ossium
1338 921 1529 964 oriundus,
1568 935 1702 966 semper
1736 924 1929 970 (aliquate-

241 991 303 1012 nus
332 977 475 1020 saltem)
508 986 672 1009 remanet.
715 978 797 1009 Pars
827 976 959 1020 postica
985 985 1133 1017 superne
1156 986 1307 1007 convexa
1333 985 1395 1009 est.
1440 979 1556 1010 Facies
1577 979 1720 1012 inferior
1745 979 1830 1012 duos
1855 982 1930 1013 sul-

239 1049 294 1069 cos
319 1035 437 1071 offert,
463 1042 566 1066 totam
589 1034 668 1065 ossis
688 1031 940 1075 longitudinem
960 1039 1218 1074 percurrentes,
1264 1033 1402 1064 Praeter
1424 1034 1527 1067 hosce
1548 1034 1657 1066 sulcos
1678 1039 1931 1071 excrescentiae

238 1102 307 1125 tres
326 1091 502 1126 minimae,
526 1091 562 1121 in
584 1097 682 1131 parte
708 1088 889 1130 irregulari
913 1089 1156 1127 observantur,
1180 1100 1197 1120 e
1227 1089 1338 1121 forma
1367 1089 1500 1123 cerebri
1533 1091 1599 1123 hoc
1625 1091 1661 1123 in
1688 1090 1762 1123 loco
1787 1093 1929 1127 forsitan

240 1151 311 1192 (ἲ)
342 1145 517 1180 oriundae.
564 1145 697 1177 Haecce
724 1145 917 1177 extremitas
946 1146 1115 1191 posterior
1145 1146 1364 1189 irregularis,
1397 1160 1475 1187 cum
1502 1148 1632 1181 ossibus
1662 1149 1927 1196 temporalibus,

241 1205 432 1239 extremitas
459 1202 610 1235 anterior
634 1213 711 1234 cum
739 1212 810 1234 osse
833 1201 1028 1234 ethmoideo
1049 1204 1290 1246 conjungitur,
1315 1206 1433 1237 sutura⁴
1455 1207 1646 1247 squamosa.

288 1264 339 1296 Os
363 1261 643 1305 sphaenoicleam
669 1258 885 1300 longitudine
913 1269 948 1289 os
972 1257 1120 1289 frontale
1144 1266 1278 1301 aequat.
1324 1259 1482 1291 Formam
1511 1259 1614 1291 habet
1643 1261 1765 1294 cruci&
1809 1262 1925 1295 Facies

242 1320 408 1360 inferior,
434 1329 520 1361 quae
554 1324 717 1356 externa,
753 1323 802 1346 est
834 1326 1008 1356 convexa3
1038 1314 1138 1346 facies
1172 1316 1345 1358 superior,
1371 1328 1458 1359 quae
1486 1316 1669 1348 cerebrum
1700 1326 1854 1360 spectat,
1881 1329 1931 1352 est

242 1387 399 1409 concava.
445 1374 649 1406 Exn-emitas
672 1372 821 1404 anterior
846 1373 883 1404 in
906 1372 1039 1416 apicem
1069 1372 1157 1412 exit,
1181 1371 1272 1404 linea
1299 1371 1460 1403 mediana
1487 1372 1617 1413 egregie
1643 1372 1769 1405 fissum.
1816 1376 1929 1408 Ambo

241 1434 352 1465 crucis
391 1430 534 1462 brachia
573 1429 817 1472 expanduntur
848 1429 1054 1471 obtusasque
1085 1427 1218 1458 habent
1248 1427 1489 1458 extremitateS.
1545 1427 1665 1459 Crucis
1700 1428 1832 1462 culmen
1875 1432 1929 1474 (si

238 1496 374 1533 partem
394 1486 598 1519 anteriorem
617 1485 714 1516 basin
735 1485 911 1526 vocamus)
935 1492 985 1515 est
1003 1482 1198 1519 minimum,
1223 1479 1399 1525 totumque
1425 1482 1496 1514 fere
1523 1482 1788 1525 cartilagineum.
1835 1488 1926 1519 Jun-

240 1547 330 1589 gitur
360 1555 437 1576 cum
458 1554 533 1575 osse
558 1541 758 1573 ethmoicleo
781 1550 814 1573 et
837 1553 915 1573 cum
933 1542 1069 1574 duobus
1089 1542 1345 1585 temporalibus
1367 1540 1493 1573 suturis
1510 1543 1709 1585 squamosis.
1768 1532 1770 1535 ‚

286 1602 378 1634 Ossa
406 1599 618 1641 temporalia
640 1607 722 1629 sunt
740 1588 981 1641 polymorpha.
1026 1600 1174 1630 Meams
1195 1598 1376 1640 auditorii
1391 1591 1568 1628 maximam
1588 1606 1721 1641 partem
1736 1600 1927 1634 continent.

238 1657 490 1702 Quodcumque
521 1666 561 1686 ex
592 1654 732 1686 ossibus
760 1654 1021 1696 temporalibus
1048 1654 1179 1686 duabus
1204 1652 1364 1696 partibus
1399 1652 1624 1685 constitutum
1647 1654 1718 1686 esse
1745 1655 1780 1687 in
1804 1657 1923 1698 junio-

237 1716 331 1748 ribus
356 1711 544 1745 individuis
572 1710 686 1744 statim
707 1719 873 1755 apparet,
897 1712 936 1743 in
956 1710 1079 1744 adultis
1101 1712 1166 1744 hoc
1187 1710 1413 1743 maceratione
1435 1716 1548 1754 potest
1566 1710 1715 1755 anquiri·

845 1796 1030 1830 cavitates
1051 1804 1089 1830 et
1112 1797 1326 1831 Foramina.

281 1898 314 1917 a.
341 1883 526 1926 Inpressit>
551 1882 658 1914 ovalis
683 1881 767 1924 (Ge
780 1881 930 1925 ossroy
955 1883 1001 1925 (1)
1019 1882 1053 1924 ),
1078 1883 1114 1913 in
1129 1894 1198 1914 osse
1215 1881 1320 1925 capiti
1335 1880 1447 1913 adhuc
1461 1880 1647 1922 adjuncto,
1671 1882 1782 1914 statim
1798 1892 1924 1916 occur-

236 1943 293 1973 rit.
327 1941 368 1972 ln
389 1939 538 1982 superna
558 1939 649 1970 enim
673 1946 793 1982 parte,
817 1951 938 1981 magna
961 1938 1019 1970 illa
1038 1948 1087 1971 est
1104 1938 1271 1985 impressio
1286 1962 1296 1979 ,
1321 1949 1406 1982 quae
1428 1951 1447 1970 a
1463 1939 1580 1971 sutura
1606 1929 1837 1983 squammosa,
1857 1941 1927 1983 qua

237 2000 311 2031 ossi
336 1997 513 2040 quadrato
543 1995 762 2037 adjungitur,
794 1995 1014 2036 extenditur,
1046 2008 1155 2040 usque
1185 1995 1227 2028 ad
1254 2003 1406 2028 suturam
1437 1996 1529 2028 ossis
1554 1995 1744 2038 frontalis.
1797 1993 1927 2030 Totum

236 2054 474 2098 labyrinthum
497 2064 642 2099 superne
666 2053 758 2094 tegit.
1748 2090 1749 2093 Ἴ

278 2114 309 2146 ἶ).
347 2113 375 2144 E
401 2112 534 2153 regione
560 2111 701 2151 hujusce
723 2112 961 2153 impressionis
983 2113 1090 2146 ovalc‘s
1104 2137 1115 2151 ‚
1135 2113 1169 2144 in
1195 2107 1292 2156 parte
1309 2121 1423 2142 aurem
1441 2116 1618 2153 spectante
1641 2106 1834 2146 externam,
1860 2121 1924 2141 ca·

237 2171 336 2202 vitas
357 2169 513 2200 maxima
534 2159 690 2207 videtur,
715 2180 801 2211 quae
822 2159 1025 2212 apparatum
1051 2172 1237 2203 acusticum
1265 2168 1438 2206 continet,
1464 2167 1585 2202 cavitas
1609 2175 1660 2201 est
1691 2164 1921 2207 subirregula-

237 2226 303 2264 ris,
329 2224 486 2267 aurisque
509 2224 638 2256 mediae
669 2225 837 2267 parietem
856 2227 1034 2259 constituit
1058 2239 1194 2261 osseam.

1893 2276 1924 2298 c.

274 2349 325 2383 (1)
352 2348 435 2381 Voyez
454 2347 623 2382 Geossroy
640 2349 752 2381 premier
768 2349 891 2376 me'moire
914 2359 958 2377 sur
970 2350 1086 2386 I'organe
1107 2350 1138 2377 de
1155 2343 1236 2378 route
1247 2345 1295 2379 ‘iles
1315 2345 1422 2387 reptiles
1439 2353 1468 2378 et>
1480 2336 1524 2375 iles
1536 2347 1654 2383 Ρῦὶδδθῐὶδ
1671 2345 1734 2374 ἂᾶῦδ
1745 2345 1786 2374 ’Ῑθδ
1797 2342 1923 2374 ῘΜόΕΙΟῙῙ·

240 2397 270 2423 de
287 2395 370 2422 math.
390 2400 415 2420 et
428 2394 534 2430 Physiq.
553 2399 697 2430 presente'es
711 2405 726 2422 a
739 2395 896 2424 l’Academie
915 2399 1021 2434 Royale.
1042 2399 1073 2426 T·
1086 2394 1125 2428 Ἡ.
1142 2408 1168 2435 p·
1186 2401 1245 2429 164.
1830 2395 1832 2397 V
