2080 2744
437 205 793 251 οοΜΜΕΝΤΑΤῐο
815 214 867 243 ,ω
890 202 1236 252 QUAESTIONEM
1260 203 1592 240 zootoetcAM.
1812 171 1870 266 Ξ

178 310 329 348 cavitatis
359 306 491 341 nasalis·
534 306 657 339 Forma
684 312 736 338 est
765 301 970 345 irregularis.
1010 298 1171 333 Amicam
1201 297 1476 343 unumquodque
1501 297 1606 330 habet
1636 296 1858 341 apophysin‚

176 373 243 417 qua
276 365 351 400 ossi
380 364 546 397 maxillae
579 362 779 406 superioris
812 359 945 402 majori
969 356 1187 398 adjungitur,
1217 365 1366 399 superne
1397 365 1535 387 crenam
1568 353 1666 386 offert
1697 354 1766 386 cuti
1793 357 1860 387 oris

172 423 361 461 firmandae
380 422 632 455 inservientem.
677 420 879 452 Externam
899 414 1004 446 habet
1030 412 1129 445 aliam
1153 411 1343 456 apophysin
1360 433 1371 451 ,
1397 411 1451 442 cui
1472 421 1541 442 sese
1563 410 1764 443 membrana
1788 412 1854 443 ad·—

173 481 330 525 adjungit
353 479 427 512 ossi
444 477 627 510 maxillari
645 474 834 507 adhaerens
856 471 1076 513 formansque
1094 469 1223 515 partim
1241 468 1338 499 basin
1360 467 1511 499 navitatis
1532 466 1663 499 nasalis.
1709 468 1859 500 Postice

170 540 271 573 offert
294 535 506 581 apophysin,
531 544 632 578 quam
648 531 832 574 posticam
854 528 1035 571 infernam
1058 526 1175 559 dicere
1201 523 1322 569 pos-sis.
1367 523 1409 556 fn
1427 523 1563 555 inferna
1590 523 1681 554 enim
1703 525 1856 569 superii—-

173 599 223 629 cie
248 594 330 628 ossis
352 598 496 635 apparet
516 588 762 632 procurritque
786 594 997 630 posti-orsum
1013 607 1024 624 ,
1048 582 1256 625 tandemque
1286 580 1360 612 ossi
1378 580 1546 623 palatino
1570 581 1771 621 posteriori
1791 581 1858 613 ad—

170 651 338 695 jungitur.
381 647 469 679 Cum
497 644 645 678 externa
667 643 845 686 apophysi
865 640 1018 673 foramen
1039 639 1185 679 format,
1211 647 1280 682 quo
1301 648 1400 668 nares
1423 647 1499 667 cum
1528 635 1593 667 oris
1620 646 1701 668 cavo
1730 637 1857 671 cohae—

170 716 260 742 rent.
284 705 414 740 Postica
438 701 636 746 superficies
662 699 847 741 (dentibus
868 696 999 728 munita
1020 695 1141 727 decem
1161 693 1215 727 vel
1240 693 1428 725 duodecim
1448 693 1559 725 antiee
1577 693 1762 738 convexis)
1784 697 1858 726 ossi

169 763 369 798 etltmoicleo
393 762 512 802 juncta
532 764 594 788 est.
640 756 762 788 Latera
785 755 923 786 interna
943 753 1078 784 ossium
1093 751 1341 794 palatinorum
1361 750 1583 782 anteriorum
1608 748 1697 781 inter
1713 761 1747 781 se
1768 759 1859 786 con-2>

171 824 289 863 juncta
311 825 390 851 sunt
410 823 444 847 et
468 813 608 857 quidem
633 812 670 843 iu
694 810 884 843 directione
906 808 1014 840 lineae
1036 806 1227 840 medianae.

218 877 311 907 Ossa
326 871 498 914 palatina
514 869 722 910 posteriora
744 876 849 909 parva
876 873 957 895 sunt
979 872 1168 896 transverse
1190 864 1323 905 posita,
1349 863 1529 907 statimque
1554 872 1645 907 pone
1673 875 1753 896 ossa
1776 876 1852 907 pa-

170 933 288 965 latina
326 926 511 960 anteriora
547 929 728 967 apparent.
782 920 924 952 Orbitae
953 919 1120 962 parietem
1144 920 1349 951 anteriorem
1372 920 1506 950 inferne
1531 920 1753 954 constituunt.
1801 922 1854 952 U-

172 996 331 1029 trumque
355 983 499 1014 formam
523 980 630 1011 habet
651 977 822 1022 spatulae,
850 977 946 1017 cujus
968 986 1049 1018 pars
1069 974 1136 1007 lata
1158 983 1298 1007 externe
1321 975 1471 1008 vertitur
1499 976 1706 1019 interneque
1727 988 1852 1019 super-

173 1044 264 1076 ficiei
297 1040 389 1073 ossis
418 1037 568 1083 majoris
597 1035 762 1067 maxillae
795 1032 1021 1075 superioris,
1054 1042 1119 1063 nec
1150 1043 1221 1064 non
1248 1032 1426 1075 apophysi
1446 1032 1567 1073 priori
1601 1033 1693 1063 ossis
1711 1033 1855 1075 jugalis

173 1097 384 1142 adjungitur.
428 1092 633 1126 Extremitas
659 1090 795 1122 interna
816 1089 907 1134 parti
926 1088 1085 1120 inferiori
1113 1089 1209 1120 ossis*
1221 1088 1452 1120 etltmoiclalis
1471 1086 1644 1119 adhaeret.
1701 1088 1856 1132 Superne

171 1169 206 1190 os
227 1164 364 1188 crenam
386 1161 527 1193 parvam
546 1148 662 1188 offert,
687 1148 754 1190 qua
772 1147 844 1178 ossi
867 1146 987 1178 nasali
1011 1143 1224 1187 adjungitur.

218 1212 312 1243 Ossa
334 1206 476 1239 nasalia
502 1204 571 1235 dao
599 1214 746 1246 superne
769 1213 940 1237 convexa,
976 1200 1112 1232 inferne
1140 1210 1285 1232 concava
1310 1207 1402 1230 sunt.
1458 1199 1582 1230 Antice
1606 1206 1791 1246 utrumque
1820 1205 1855 1235 in

171 1269 304 1313 apicem
323 1264 412 1298 exit,
436 1259 567 1304 postice
592 1255 801 1289 transversa
831 1254 1009 1296 apophysi
1034 1264 1144 1297 usque
1169 1253 1211 1284 ad
1235 1253 1406 1285 maxillam
1436 1253 1571 1294 tendit,
1602 1255 1773 1301 igiturque
1795 1271 1854 1291 sn-

173 1335 282 1370 perne
312 1319 441 1352 orbitae
456 1315 589 1347 ‘format
611 1312 777 1356 parietem
805 1311 1024 1342 anteriorem.
1077 1309 1119 1341 In
1142 1309 1246 1342 hacce
1271 1310 1483 1342 transversa
1510 1312 1683 1352 apophysi
1707 1326 1770 1356 per
1799 1325 1855 1347 to-

172 1392 241 1414 tam
267 1372 517 1418 longitudinem
543 1368 657 1401 sulcus
691 1367 807 1408 adest,
832 1379 956 1399 cavam
988 1367 1109 1399 nasale
1135 1377 1259 1408 augens
1290 1365 1471 1399 volumine.
1526 1367 1666 1400 Interne
1694 1381 1771 1403 cum
1800 1385 1859 1405 suo

171 1437 248 1481 pari
272 1432 443 1477 jungitur,
470 1425 674 1467 cartilaginis
700 1435 785 1467 ope3
820 1431 960 1454 externe
983 1423 1158 1464 apophysi
1179 1423 1386 1454 transversa
1413 1423 1493 1454 ossis
1518 1424 1699 1456 maxillaris
1721 1430 1857 1469 majoris

171 1493 345 1527 adhaeret.
391 1484 531 1519 Inferne
552 1481 681 1525 postica
704 1491 784 1524 pars
809 1491 886 1512 cum
904 1492 980 1513 osse
1003 1478 1395 1520 etlrmoccleojungitur,
1421 1489 1486 1511 nec
1504 1489 1574 1512 11011
1595 1491 1670 1514 cum
1690 1494 1765 1515 osse
1784 1496 1853 1526 pa-

174 1551 286 1583 latino
307 1544 519 1589 posteriore.

215 1603 365 1638 Maxilla
392 1598 546 1639 inser-ior
568 1605 715 1638 quatuor
741 1597 870 1626 ossibus
892 1602 1024 1626 constat
1045 1595 1288 1636 symmetricis‚
1312 1594 1448 1625 dnobus
1471 1595 1607 1626 dextris
1621 1617 1631 1634 ‚
1655 1597 1858 1643 dnobus-qne

173 1660 346 1695 sinistris.
391 1655 465 1686 Duo
485 1651 588 1693 igitur
611 1649 839 1682 describenda
862 1657 955 1681 sunt.
1000 1650 1175 1681 Posticum
1198 1657 1385 1693 utrumque
1414 1650 1506 1694 quod
1529 1651 1713 1685 maximum
1741 1663 1792 1686 est
1821 1670 1858 1689 03

172 1717 369 1751 articulare
391 1710 505 1743 dicere
527 1718 663 1751 posses,
688 1707 767 1750 quia
792 1719 896 1750 super
920 1705 1104 1749 condylum
1125 1706 1215 1737 ossis
1239 1706 1413 1748 quadrati
1426 1713 1591 1738 movetur.
1640 1711 1686 1741 Os
1706 1712 1857 1745 anticum

174 1782 375 1816 utrumque,
402 1765 495 1811 quod
518 1765 629 1797 minus
652 1772 703 1795 est
727 1776 765 1795 08
786 1764 1067 1795 intermaxillare
1092 1763 1248 1805 inferius
1268 1760 1338 1793 dici
1358 1770 1484 1806 posset.

222 1826 272 1860 Os
295 1824 505 1857 articulare.
549 1820 755 1852 Extremitas
779 1830 866 1862 quae
886 1820 1079 1851 cavitatem
1097 1818 1322 1861 glenoideam
1351 1819 1504 1851 continet
1528 1821 1666 1864 paulum
1687 1821 1853 1862 elevatur,

176 1881 393 1926 caeteroquin
407 1878 486 1911 ossis
507 1888 629 1919 corpus
649 1884 788 1908 externe
805 1886 994 1908 convexum
1012 1883 1204 1907 anti-orsum
1227 1873 1356 1910 tendit,
1379 1885 1442 1906 nec
1462 1886 1609 1918 superne
1629 1888 1770 1921 usquam
1792 1892 1855 1913 nec

174 1939 310 1972 inferne
336 1934 514 1967 adscendit
537 1941 593 1965 aut
617 1931 807 1965 descendit.
854 1933 944 1964 Ante
966 1932 1158 1964 cavitatem
1178 1931 1404 1973 glenoideam
1429 1943 1606 1974 processus
1627 1932 1727 1964 datur
1749 1947 1852 1968 coro.

176 1995 325 2029 noideus
358 1991 417 2034 (os
449 1989 790 2032 complementaire?
821 1989 965 2032 Cuv.)‚
990 1988 1043 2020 cui
1063 1996 1221 2020 masseter
1253 1985 1313 2019 sed
1342 1987 1499 2031 inprimis
1528 1988 1734 2031 crotaphites
1759 1992 1853 2025 inse-

176 2059 313 2085 runtur.
356 2047 561 2090 Superficies
582 2054 721 2079 externa
746 2057 850 2089 porro
875 2057 938 2088 per
960 2053 1064 2077 totam
1086 2056 1179 2077 suam
1204 2041 1456 2085 longitudinem
1480 2043 1611 2075 sulcum
1641 2046 1740 2079 offert
1756 2073 1765 2086 ‚
1801 2052 1856 2081 cui

178 2107 263 2140 cutis
299 2104 494 2146 adjungitur
529 2112 562 2136 et
597 2110 663 2147 pro
695 2110 792 2148 parte
825 2102 995 2134 musculus
1025 2109 1198 2133 masseter.
1251 2099 1429 2131 Praeterea
1458 2098 1556 2131 hicce
1589 2102 1701 2134 sulcus
1733 2105 1858 2150 recipit

176 2162 368 2207 apophysin
390 2167 566 2192 externam
595 2161 685 2192 ossis
709 2158 1005 2192 intermaxillaris
1029 2156 1228 2199 inferioris.

227 2220 278 2252 Os
301 2216 582 2250 intermaxillare
609 2216 764 2258 inferius
787 2216 883 2247 adest
905 2214 1088 2246 minimum
1111 2213 1344 2256 quadratam.
1393 2212 1552 2244 Amicam
1580 2214 1733 2247 maxillae
1762 2217 1856 2249 infe-

181 2276 279 2307 rioris
304 2282 436 2319 partem
462 2271 648 2305 constituit.
692 2273 897 2316 Apophysis
924 2271 954 2303 ei
977 2269 1141 2312 adjuncta
1167 2277 1219 2303 est
1241 2267 1456 2310 longissima,
1479 2268 1630 2310 gracilis,
1666 2283 1754 2315 quae
1781 2286 1856 2306 cum

181 2331 323 2365 ossiculo
343 2331 417 2375 ipso
439 2328 598 2372 angulum
622 2327 692 2362 fere
716 2327 839 2363 format
857 2337 1001 2364 rectum.

1087 2383 1118 2417 C
1137 2383 1157 2417 5
1783 2386 1863 2418 HU-
