2080 2744
402 200 755 241 COMMENTATIO
780 207 832 235 An
855 196 1199 245 QUAESTIONEM
1222 199 1551 237 zooLoomAM.
1772 186 1822 235 ’ᾗ

560 500 1255 538 ΜΥΟΟᾸΗΑΡΗΙΑ
1323 502 1412 544 (ι).

138 663 187 719 In
211 692 280 718 tota
305 683 490 727 reptilzzcm
514 683 618 716 classe
633 706 643 725 ,
667 684 855 728 praecipue
884 692 965 715 vero
988 681 1024 713 in
1057 682 1329 715 hatraclzioram
1353 681 1494 720 ordine,
1527 682 1616 726 (qui
1644 685 1829 727 reptilzzmz

138 743 277 775 infimus
300 741 375 783 est)
398 740 596 781 maximam,
622 740 715 784 quod
734 739 776 772 ad
797 737 1027 771 musculorum
1048 738 1271 771 substantiam
1295 747 1328 771 et
1353 737 1519 776 colorem,
1544 738 1730 782 analogiam
1752 751 1829 772 cum

134 799 301 843 piscibus
325 797 502 831 observare
534 796 627 829 licet.
673 796 796 828 Fibrae
826 795 938 827 adhuc
967 796 1099 840 saepius
1133 804 1213 828 sunt
1241 795 1459 838 gelatinosae,
1484 793 1685 829 albicantes.
1734 796 1825 829 San-

140 857 251 900 guinis
275 855 366 887 enim
391 854 504 885 minor
532 861 582 885 est
616 853 808 896 quantitaS,
832 860 940 884 motus
964 860 998 883 et
1031 852 1144 892 color,
1180 864 1282 896 quam
1312 853 1348 884 in
1376 852 1492 884 avibus
1521 861 1555 885 et
1580 852 1827 885 mammaiibus.

138 912 262 945 Fibrae
289 921 358 942 non
385 908 432 941 ita
461 919 479 940 a
509 908 673 950 sanguine
701 914 859 949 turgent,
891 917 961 938 non
994 915 1062 938 tam
1087 909 1220 950 copiose
1245 908 1471 946 nutriuntur,
1498 908 1592 952 quod
1619 909 1657 941 in
1682 908 1830 940 secanda

141 969 226 1001 ran&
249 967 326 1000 viv&
348 965 479 1008 egregie
505 971 661 1009 apparet.
704 962 792 995 Inde
817 963 1021 1006 explicanda
1058 963 1174 1007 (quod
1206 975 1224 995 e
1254 964 1324 995 tota
1363 975 1465 996 ranae
1504 965 1644 997 interne
1678 975 1828 998 oecono-

142 1025 210 1059 mia
237 1023 367 1067 egregie
398 1021 515 1066 patet)
548 1021 615 1054 vita
646 1031 828 1058 ranarum,
864 1019 972 1052 multo
1002 1019 1172 1052 difficilius
1210 1019 1432 1063 exstirpanda
1461 1033 1563 1065 quam
1596 1020 1739 1065 quidem
1765 1022 1832 1054 vita

139 1080 510 1115 haema-thematum,
542 1076 776 1122 patientiaque
802 1075 958 1115 inediae,
985 1088 1070 1121 quae
1098 1076 1243 1108 maxima
1258 1084 1308 1108 est
1330 1077 1421 1118 (2).
1447 1076 1626 1118 Sanguinis
1643 1078 1735 1109 enim
1762 1089 1832 1110 non

142 1145 234 1168 tanta
265 1134 436 1179 quantitas
470 1133 692 1175 absorbetur,
731 1133 773 1166 ad
810 1133 997 1167 nutrienda
1028 1133 1140 1166 omnia
1167 1144 1310 1176 organag
1339 1133 1501 1174 sanguine
1531 1144 1600 1165 non
1628 1143 1834 1177 magnopere

143 1193 333 1236 quantitate
361 1191 552 1229 diminuto,
581 1191 658 1223 cibo
679 1192 779 1223 etiam
801 1202 872 1223 non
893 1199 961 1223 tam
982 1190 1163 1233 frequente
1194 1200 1279 1232 opus
1311 1197 1378 1228 est,
1409 1201 1510 1233 quam
1538 1189 1575 1221 in
1600 1191 1721 1232 magn&
1750 1202 1832 1221 san-

142 1248 249 1290 guinis
273 1247 508 1278 absorbtione0

186 1304 301 1335 Ranae
321 1311 360 1334 ut
380 1302 503 1334 ossium
529 1301 637 1334 formai
658 1312 812 1343 magnam
836 1300 968 1332 habent
1000 1312 1076 1333 cum
1098 1298 1332 1332 mammalibus
1364 1299 1568 1342 analogiam,
1595 1301 1641 1334 ita
1665 1303 1766 1336 etiam
1796 1306 1831 1335 in

145 1358 305 1392 musculis
327 1357 471 1390 eandem
497 1357 689 1401 praebeant
711 1368 846 1389 necesse
864 1366 925 1389 est.
973 1358 1151 1390 Costarum
1168 1369 1246 1389 vero
1268 1357 1420 1389 absentia
1439 1356 1616 1401 pelvisque
1636 1358 1745 1391 forma
1775 1361 1833 1392 in-

147 1415 349 1455 diridualss,
373 1414 548 1446 nonnuliis
576 1413 749 1446 anomaliis
778 1413 893 1446 locum
916 1413 1013 1447 dant.
1057 1414 1125 1445 Nos
1153 1415 1221 1455 jam
1254 1414 1288 1444 in
1318 1413 1411 1445 hisce
1435 1413 1594 1445 musculis
1625 1413 1832 1447 describen-

149 1473 203 1504 dis
223 1472 341 1515 ezidem
363 1471 586 1515 processimus
612 1470 681 1510 vizi,
708 1469 775 1513 quii
794 1470 832 1501 in
857 1470 1087 1513 Ostographifi
1106 1469 1349 1513 processimus:
1373 1470 1469 1515 prius
1488 1470 1577 1502 enim
1601 1472 1836 1505 vertebrarum

146 1539 180 1561 et
200 1528 413 1567 abdominis,
437 1527 587 1560 secundo
615 1526 758 1570 capitis,
788 1533 961 1570 postremo
985 1525 1217 1569 appendicum
1242 1525 1294 1559 vel
1321 1526 1572 1559 extremitatum
1597 1529 1765 1562 musculos
1793 1531 1835 1561 de

144 1585 292 1617 scribere
318 1586 428 1616 conati
451 1595 577 1615 sumus.

1754 1795 1783 1833 ς.
1812 1807 1841 1825 1.

179 1897 234 1932 (ι)
262 1898 355 1923 Omnes
379 1903 456 1929 quum
479 1902 555 1920 ranae
580 1895 722 1920 esculentae
747 1893 872 1920 musculos
902 1893 1114 1927 praeparavissim
1132 1914 1139 1926 ,
1167 1894 1192 1918 in
1219 1892 1391 1920 descrihendis
1413 1895 1466 1922 iliis
1491 1898 1626 1931 praecipue
1651 1897 1831 1924 Cuvirrum

146 1952 247 1973 secutus
262 1953 334 1977 sum,
352 1943 395 1977 qui
418 1949 470 1968 tam
488 1942 600 1967 breviter
622 1948 647 1968 et
664 1943 795 1977 perspicue
814 1942 843 1967 de
865 1942 941 1967 hocce
962 1941 1096 1975 praecipue
1113 1950 1265 1974 organorum
1286 1941 1375 1967 ordine
1396 1943 1461 1968 mihi
1485 1946 1564 1977 egisse
1584 1944 1701 1978 videtur⁷
1728 1952 1756 1971 ut
1777 1946 1832 1979 ple—

145 2003 251 2027 rumque
267 2001 324 2018 eum
345 1990 578 2024 transscripserim:
598 1990 689 2015 melius
709 1990 777 2015 enim
795 1989 914 2024 putabam
936 1990 1029 2016 summi
1052 1990 1121 2016 illius
1141 1991 1261 2016 Anatomi
1285 1990 1504 2018 observationibus
1522 1993 1577 2026 uti,
1604 2000 1680 2026 quam
1704 2001 1766 2018 vano
1791 1995 1834 2018 in*

145 2040 288 2068 novationis
304 2038 388 2065 studio
405 2045 490 2070 meas,
508 2045 622 2070 quaeque
641 2042 742 2070 essent,
760 2037 943 2071 descriptiones
963 2037 1130 2072 protrudere,
1149 2038 1333 2072 innumeraque
1347 2039 1477 2064 incurrere
1496 2040 1523 2065 in
1540 2040 1611 2068 vitIa.
1648 2040 1697 2067 liic
1711 2040 1764 2068 illic
1785 2050 1831 2066 au-

145 2097 195 2116 tem
206 2110 213 2122 ,
232 2096 295 2121 quae
313 2085 390 2111 nimis
406 2084 518 2110 breviter
536 2083 687 2115 videbantur
704 2091 813 2111 tractata
824 2106 831 2119 ,
847 2085 1008 2120 aliquetenus
1031 2085 1186 2121 amplificare
1201 2092 1227 2112 et
1244 2095 1334 2119 augere
1349 2092 1454 2112 conatus
1467 2096 1532 2115 sum.

181 2135 237 2170 (2)
262 2134 311 2159 Per
334 2133 396 2158 duos
421 2132 489 2158 enim
512 2141 610 2158 menses
638 2134 750 2168 quinque
776 2143 849 2161 ranas
878 2134 1018 2161 esculentas
1047 2133 1074 2159 in
1104 2134 1195 2168 cupuli·
1217 2134 1297 2161 vitre-'i
1321 2135 1437 2169 servavi,
1465 2135 1544 2162 linteo
1568 2137 1632 2162 tect&
1650 2156 1657 2169 ,
1686 2137 1833 2170 nullumque

145 2186 178 2211 iis
207 2182 292 2208 cibum
315 2179 416 2212 obtuli,
447 2180 496 2206 nisi
526 2180 679 2207 distillatam
703 2190 805 2216 aquam.
854 2182 917 2209 Cum
943 2192 971 2208 ex
994 2182 1063 2208 hisce
1091 2182 1161 2208 ranis
1183 2190 1259 2208 unam
1285 2183 1410 2208 dissecare
1434 2184 1543 2218 vellem,
1569 2185 1738 2212 ventriculum
1761 2188 1834 2214 inve-

147 2230 173 2253 ni
202 2234 379 2262 contractum,
411 2228 446 2253 ita
468 2227 571 2260 quidem
596 2234 625 2253 ut
652 2228 755 2263 pylorus
780 2231 810 2256 ad
834 2232 946 2257 cardiam
974 2238 1053 2263 usque
1073 2229 1254 2257 adscendisset.
1298 2230 1440 2264 intestina,
1463 2232 1581 2265 inprimis
1603 2233 1748 2260 duodenum
1763 2255 1770 2269 ,
1796 2238 1831 2261 ita

146 2284 200 2302 sese
221 2280 419 2309 contraxerant,
445 2280 473 2302 ut
496 2283 546 2301 non
577 2274 626 2302 nisi
652 2279 822 2305 maceratione
858 2280 968 2313 parietes
995 2289 1114 2314 separare
1144 2281 1240 2307 liceret.
1288 2281 1346 2307 vid.
1377 2289 1451 2313 porro
1482 2281 1541 2315 Cap,
1566 2281 1610 2310 VI.
1645 2284 1748 2317 hujusce
1774 2294 1834 2319 par-

148 2326 179 2351 tis
196 2324 244 2353 111.
