2080 2744
191 207 231 240 42
596 202 640 234 H.
726 202 767 236 L.
853 208 973 235 vsu
1060 201 1488 243 ALTENA,

201 298 241 329 tls
275 305 352 327 cum
387 293 515 327 ossibus
552 291 736 334 digitorum
769 292 952 335 cohaeret,
985 293 1102 336 ibique
1130 300 1272 336 systema
1303 305 1483 328 nervosum
1514 293 1585 325 fere
1618 292 1780 335 evanuit,
1811 306 1876 328 nec

203 362 405 394 organorum
429 349 530 381 etiam
560 348 669 381 forma
701 350 942 392 praehensioni
970 349 1129 392 adaptata
1155 357 1216 382 est.
1262 350 1312 382 De
1344 350 1490 394 pedibus
1518 349 1761 393 posterioribus
1787 350 1878 383 idem

202 407 301 440 valet.
336 405 500 449 Quamvis
532 405 623 436 enim
651 405 819 447 longiores
850 418 919 438 non
945 407 1092 450 aptiores
1116 414 1205 437 sunt.
1252 406 1447 448 Longitudo
1473 407 1564 438 enim
1593 407 1650 438 illa
1673 407 1771 440 saltui
1794 415 1877 441 tan!

202 462 376 496 tummodo
397 460 540 493 inservit
567 469 669 505 atque
696 463 886 504 natationi‚
907 462 999 495 unde
1027 464 1127 495 etiam
1151 462 1351 494 membrana
1373 461 1431 493 illa
1453 462 1704 504 inter-digitalis.

249 519 386 551 Tactus
409 518 532 560 igitur,
557 518 670 562 quoad
691 519 894 560 generafiter
915 531 1031 553 sensus
1050 520 1214 556 hahetur,
1238 536 1280 545 —
1300 518 1511 562 inperfectus
1531 528 1580 552 est
1600 520 1638 552 in
1663 519 1855 554 batrachiis.

988 632 1020 671 §.
1065 639 1096 661 2.

850 713 998 756 Lingua
1032 718 1069 746 et
1081 719 1249 765 (gustus.

252 817 388 849 Gustus
413 815 449 847 in
473 816 686 853 Batrachiis,
716 824 834 859 utpote
867 816 1015 859 piscibus
1049 816 1369 860 chondropterygiis
1399 829 1502 860 quam
1530 819 1673 850 maxime
1708 819 1884 860 affinibus,

206 872 415 915 inperfectus
446 879 507 904 est.
551 872 722 914 Lingua,
749 872 901 915 quamvis
931 873 1093 914 maxima,
1123 873 1233 914 gustui
1265 884 1334 904 non
1367 872 1413 904 ita
1435 882 1514 916 apta
1535 883 1596 905 est.
1641 875 1886 914 Deglutitioni,

206 927 443 971 respirationi,
462 928 671 965 coaxafioni,
688 927 794 959 multo
816 929 918 969 magis
932 930 1083 961 inservit.
1113 930 1184 962 Nec
1200 937 1314 969 gustus
1333 940 1458 969 organo
1478 929 1632 971 perfecto
1654 942 1737 973 opus
1761 930 1891 963 habent

205 981 399 1013 bati-achia:
423 981 583 1015 dentibus
601 985 692 1016 enim
711 983 935 1014 masticationi
953 985 1041 1027 aptis
1058 991 1186 1016 carent.
1220 984 1366 1014 Insectis
1380 1007 1390 1020 ‚
1411 983 1581 1015 vermibus
1597 1008 1607 1024 ,
1625 983 1794 1016 molluscis
1810 997 1889 1018 ves·

206 1046 351 1074 cuntur,
375 1050 460 1080 quae
478 1039 640 1071 dentibus
664 1050 734 1071 non
761 1039 960 1072 conficiunt.
1006 1041 1134 1072 Succus
1159 1039 1323 1082 gastricus
1351 1048 1462 1071 tantae
1474 1049 1524 1071 est
1543 1041 1717 1082 energiae,
1741 1049 1798 1078 ut,
1819 1051 1889 1073 non

203 1094 413 1125 masticatum
441 1094 684 1137 quodcumque
716 1096 885 1126 insectum
915 1104 948 1127 et
973 1096 1192 1133 molluscum,
1219 1094 1406 1127 durissimis
1428 1096 1578 1140 quamvis
1608 1097 1723 1140 elytris
1745 1106 1778 1130 et
1798 1098 1892 1130 testis

205 1147 473 1186 circumdatum,
499 1148 592 1181 facili
615 1151 748 1191 negotio
772 1150 957 1192 digeratur.

248 1205 398 1247 Lingua
423 1215 523 1235 muco
544 1205 653 1235 obsita
681 1212 732 1235 est
754 1204 962 1246 gelatinoso,
988 1220 1091 1252 quem
1117 1219 1255 1240 mucum
1278 1215 1391 1239 tamen
1412 1208 1522 1249 gustui
1546 1208 1757 1241 solummodo
1776 1209 1891 1241 inser-

204 1262 274 1295 vire
295 1271 365 1292 non
391 1260 552 1292 arbitror.
599 1259 686 1300 Quis
719 1260 809 1290 enim
839 1271 975 1300 gustus,
1001 1275 1147 1302 quaeso,
1182 1264 1363 1302 provenire
1396 1271 1529 1305 potest,
1562 1275 1579 1293 e
1609 1266 1692 1294 testa
1724 1263 1890 1302 calcaria,

207 1329 293 1360 quae
322 1315 415 1347 illico
440 1328 458 1345 a
482 1314 598 1356 lingua
621 1315 807 1345 introrsum
835 1314 1031 1355 jaculatur?
1079 1315 1206 1356 Lingua
1230 1316 1297 1356 jam
1325 1315 1412 1346 nihil
1431 1316 1466 1347 in
1486 1316 1670 1348 batrachiis
1691 1330 1763 1350 esse
1789 1319 1891 1352 vide—

208 1383 281 1413 tur,
306 1372 371 1403 nisi
398 1371 652 1414 praehensionis
680 1381 842 1411 organon.
887 1371 1022 1402 Insecto
1043 1372 1134 1402 enim
1153 1371 1196 1403 ob
1220 1371 1333 1403 oculos
1355 1372 1512 1404 volitanti
1539 1374 1647 1405 incito
1669 1375 1801 1417 impetu
1830 1388 1892 1407 ra-

208 1442 253 1461 na
271 1429 387 1464 irruit,
411 1427 560 1467 linguam
580 1427 742 1459 viscosam
763 1434 857 1458 motu
882 1427 1071 1459 vibratorio
1093 1427 1208 1468 ejicit,
1232 1427 1424 1470 animalque
1444 1440 1543 1460 muco
1566 1437 1738 1462 retentum
1754 1430 1895 1463 attrahit

207 1493 240 1517 et
263 1484 415 1516 devorat.

215 1561 219 1563 -
250 1541 372 1572 Forma
394 1538 526 1579 linguae
551 1546 601 1569 est
620 1536 890 1579 longitudinalis.
933 1538 973 1571 In
993 1537 1130 1569 interna
1157 1538 1283 1583 illaque
1308 1540 1420 1571 anticst
1442 1549 1538 1582 parte
1564 1541 1718 1572 maxillae
1744 1541 1895 1574 inferio-·

211 1597 257 1629 ris
289 1596 415 1628 ossibus
443 1594 766 1625 intermaxillaribus
789 1593 972 1633 adhaeret,
1008 1605 1071 1637 ope
1103 1594 1236 1639 pulvilli
1258 1595 1439 1626 musctilosi
1471 1597 1670 1632 transversi,
1703 1596 1784 1628 inde
1814 1606 1894 1630 ten-

212 1652 264 1683 dit
291 1651 333 1683 ad
365 1651 483 1682 rimam
510 1648 669 1692 laryngis.
728 1649 782 1680 Ab
811 1648 869 1680 illst
904 1649 1033 1690 posticst
1066 1650 1185 1692 apice,
1218 1661 1324 1693 usque
1363 1649 1405 1680 ad
1437 1651 1570 1681 tertiam
1600 1651 1670 1682 sere
1702 1655 1892 1695 partemin

213 1707 299 1739 duos
323 1706 417 1738 lobos
447 1705 637 1745 dividitur,
670 1704 844 1748 laryngem
870 1704 1139 1742 circumdantes,
1176 1717 1262 1748 quae
1294 1705 1416 1738 divisio
1447 1708 1570 1739 iterum
1601 1709 1636 1739 in
1667 1708 1775 1740 lineae
1816 1722 1893 1742 me·

215 1763 336 1794 dianae
365 1761 552 1794 directione
581 1761 695 1793 locum
718 1761 840 1798 habet,
866 1768 967 1803 atque
996 1761 1169 1802 vestigium
1198 1774 1266 1793 esse
1297 1762 1435 1794 videtur
1460 1764 1668 1795 formationis
1698 1764 1829 1806 liuguae
1855 1776 1896 1797 ex

218 1819 348 1851 duabus
377 1817 615 1858 conglutinatis
645 1818 825 1860 partibus,
860 1816 953 1860 quod
986 1825 1020 1848 et
1047 1817 1082 1847 in
1113 1817 1206 1848 foetu
1236 1818 1384 1851 humano
1407 1821 1537 1861 egregie
1568 1822 1727 1852 occurrit.
1774 1822 1898 1853 Nonne

217 1875 341 1907 iterum
366 1873 472 1905 hocce
498 1873 758 1915 phaenomenon
785 1873 979 1917 putandum
1002 1881 1052 1905 est
1076 1873 1187 1906 favere
1208 1874 1375 1907 hodierno
1397 1875 1447 1907 illi
1467 1884 1688 1917 argumento:
1714 1876 1841 1909 foetum
1857 1878 1893 1910 in

220 1930 293 1962 alvo
318 1929 433 1960 matris
466 1941 579 1960 omnes
603 1930 856 1971 organisationis
878 1928 1000 1971 gradus
1022 1941 1225 1971 percurrere
1239 1932 1254 1963 ’ἒ

265 1985 431 2018 Maximus
453 1997 557 2029 porro
572 1984 704 2027 linguae
724 1998 800 2017 usus
818 1994 868 2017 est
890 1985 925 2016 in
942 1985 1166 2029 respiratione
1178 1994 1212 2018 et
1225 1988 1428 2018 coaxatione.
1441 1987 1480 2018 ln
1500 1988 1722 2032 inspiratione
1737 1989 1828 2020 enim
1842 1990 1895 2032 (1)

227 2052 262 2074 os
284 2040 469 2085 liyo'ideum
493 2049 527 2072 et
549 2040 663 2082 lingua
687 2051 905 2075 removentur
929 2041 969 2073 ab
998 2043 1125 2074 ossibus
1159 2042 1240 2075 inde
1266 2043 1441 2088 palatinis,
1478 2044 1598 2075 eaiitas
1625 2045 1690 2075 oris
1721 2045 1768 2075 ita
1793 2056 1896 2087 auge-

228 2106 282 2130 tur
305 2098 390 2139 (2),
415 2101 473 2128 ae'r
496 2109 560 2140 per
586 2109 685 2130 nares
709 2099 888 2145 (propriis
909 2097 1068 2130 musculis
1093 2099 1293 2143 aperiendas
1316 2107 1349 2131 et
1372 2098 1603 2142 claudendas)
1629 2109 1761 2144 apertas
1785 2101 1896 2133 irruit.

1818 2156 1898 2188 Ron

261 2245 292 2278 (1
308 2242 318 2274 )
348 2243 387 2270 Cf.
406 2242 517 2270 Towns
529 2252 568 2269 on
588 2243 777 2278 Pliysiological
793 2244 968 2272 observations
983 2255 1015 2272 on
1034 2246 1078 2273 the
1100 2245 1231 2280 amphibia
1251 2251 1296 2274 etc.
1320 2255 1334 2273 a
1353 2245 1436 2281 Carjo
1460 2246 1554 2275 LchrB.
1574 2247 1617 2273 der
1634 2247 1748 2274 Zootom.
1773 2255 1829 2281 pag.
1848 2247 1898 2281 496

226 2290 364 2315 laudatum.

262 2335 316 2370 (2)
343 2336 448 2368 Egregie
466 2335 513 2362 hoc
528 2336 655 2364 observ-‘tri
674 2345 772 2373 potest,
791 2341 883 2366 amotis
893 2341 918 2367 in
932 2341 987 2366 viva
1004 2342 1184 2369 ranci'narium
1198 2343 1341 2378 operculis,
1358 2348 1412 2370 tum
1429 2341 1497 2369 enim
1513 2341 1605 2367 cavitas
1628 2341 1683 2367 nasi
1701 2346 1786 2375 patet,
1804 2344 1829 2368 et
1841 2340 1896 2366 lin-

230 2392 292 2416 gnae
313 2388 435 2416 apparet,
453 2383 495 2416 qui
515 2392 571 2407 cum
594 2390 665 2410 motu
685 2395 760 2418 super
779 2387 904 2422 descripto
920 2389 1017 2421 egregie
1044 2391 1168 2419 convenit.
