2080 2744
219 206 260 239 53
624 201 668 233 Η.
754 198 798 230 L·
884 206 997 231 VAN
1085 199 1118 232 A
1161 197 1192 230 L
1235 197 1267 229 Τ
1309 197 1340 231 Ε
1380 197 1416 232 N
1458 198 1518 237 A,‘

224 313 310 346 quae
332 313 349 332 a
378 309 454 332 cute
480 300 678 343 absorptae,
696 297 751 329 cui
776 295 963 330 sententiae
990 295 1121 338 egregie
1145 296 1258 329 favere
1285 295 1423 330 videtur
1457 296 1504 331 10.
1520 296 1698 331 ureterum
1719 306 1913 345 structura,-

227 359 288 402 qui
310 370 379 389 non
399 358 436 387 in
458 354 637 388 vesiculam
655 362 800 394 exeunt,
828 352 890 385 sed
915 352 1025 385 statim
1050 360 1146 385 recto
1166 351 1331 385 intestino
1360 353 1579 388 inseruntur:
1611 356 1661 388 2⁰.
1679 358 1914 401 experimenta

228 414 287 447 Cli.
300 415 327 446 E
338 413 360 444 d
371 425 399 445 w
411 425 426 443 a
438 424 455 443 r
466 411 487 443 d
499 423 512 443 s
529 411 578 455 (1)
600 410 723 454 quibus
738 411 883 443 maxima
895 409 1122 443 absorthOnis
1137 421 1201 453 per
1216 417 1330 442 cutem
1348 408 1488 442 facultas
1501 411 1592 443 clare
1610 412 1840 450 demonstrata
1853 424 1914 451 est.

269 468 452 502 Abdomen
474 476 651 513 praeterea
671 467 824 499 continet
840 478 965 509 organa
975 465 1184 510 peculiaria,
1209 478 1296 510 quae
1315 478 1471 509 magnam
1488 466 1619 500 habent
1637 469 1825 513 analogiam
1836 482 1916 506 cum
1946 452 1947 455 Ἴ

229 526 374 573 capsulis
406 523 683 568 supe1·renalibus
718 531 753 555 et
790 525 971 555 accessoria
1004 522 1165 555 videntur
1197 534 1268 556 esse
1299 534 1423 565 organa
1452 524 1687 558 testiculorum
1714 535 1749 559 et
1778 530 1914 562 ovario-

228 596 316 616 rum.
361 584 393 616 A
414 578 843 615 Swammerdammio
866 586 900 610 et
921 578 1131 611 Roeselio
1153 579 1201 611 ita
1219 588 1356 613 vocatos
1377 591 1449 612 esse
1471 582 1612 614 memini
1636 582 1768 617 saltem.
1798 583 1914 617 Haec-

230 654 268 673 ce
300 652 424 682 organa
455 639 492 670 in
520 637 669 669 maribus
693 635 779 667 mihi
801 635 929 676 majora
949 635 1018 667 visa
1041 644 1120 668 sunt
1148 647 1250 680 quam
1275 636 1314 667 in
1341 636 1487 670 feminis.
1532 637 1575 670 In
1606 638 1748 681 Gyrinis
1773 641 1920 674 maxima

230 706 321 729 sunt.
368 695 586 728 Cuvierus
611 693 672 737 (2)
707 692 850 734 graciles
883 703 953 723 sese
979 691 1053 723 illas
1081 693 1278 726 observasse
1314 692 1402 726 dixit
1432 693 1470 723 in
1500 692 1674 725 foemineis
1701 693 1914 738 individuis,

233 766 319 798 quae
344 751 499 784 nondum
532 762 593 783 ova
621 757 833 793 posuerant;
866 760 925 790 ego
949 759 1028 781 vero
1059 757 1129 781 tam
1156 750 1192 781 iu
1220 749 1337 794 Aprili
1373 761 1476 793 quam.
1508 749 1544 781 in
1577 748 1775 793 Septembri
1797 761 1917 785 mense

233 812 375 853 (itaque
401 816 478 840 ante
506 815 540 840 et
567 814 647 851 post
680 805 840 850 partum)
863 804 922 837 illa
953 815 1077 846 organa
1103 806 1258 848 ejusdem
1282 805 1355 839 fere
1378 806 1508 839 formae
1530 805 1802 850 deprehendisse
1832 810 1917 842 mihi

229 879 317 900 visus
334 878 419 898 sum.

274 923 345 956 Alii
372 921 429 954 illa
460 933 584 964 organa
616 919 766 952 credunt
794 929 863 950 esse
888 918 1106 962 receptacula
1144 919 1283 963 adipis,
1319 930 1387 963 quo
1423 930 1527 952 ranae
1552 920 1761 954 >nutriuntur
1793 923 1831 955 in
1863 924 1918 957 le-

232 980 364 1021 thargi&
381 978 441 1010 illa
461 976 617 1010 hiemali:
643 976 697 1008 cui
716 975 905 1007 sententiae
924 975 1108 1016 praecipue
1130 974 1401 1018 Malpighius
1417 974 1479 1016 (5)
1505 974 1624 1007 favisse
1646 975 1793 1008 videtur.
1827 979 1917 1012 Tum

232 1048 315 1070 vero
338 1037 459 1067 harum
479 1031 713 1077 appendicum
730 1029 928 1072 magnitudo
949 1032 984 1061 in
1007 1038 1168 1062 autumno
1194 1031 1356 1071 maxima,
1382 1031 1420 1062 in
1442 1041 1520 1064 vere
1548 1030 1688 1064 minima
1714 1043 1785 1066 esse
1805 1033 1917 1068 debe-

231 1102 284 1125 ret
299 1116 308 1132 ‚
334 1091 427 1135 quod
451 1088 682 1122 observationi
706 1087 915 1119 contrarium
932 1094 995 1118 est.

272 1151 338 1182 Res
358 1148 459 1190 igitur
489 1147 557 1178 huc
581 1156 690 1188 usque
711 1143 825 1185 ignota
844 1151 913 1175 est:
938 1142 1103 1186 plurimae
1130 1143 1272 1186 quidem
1296 1151 1431 1177 exstant
1453 1143 1682 1187 hypotheses3
1711 1146 1807 1179 nulla
1841 1157 1918 1180 vero

233 1206 319 1240 valet
337 1204 379 1237 ad
398 1205 463 1236 rite
485 1199 724 1246 explicandam
747 1199 990 1243 quaestionem.

266 1356 299 1389 (ι
316 1354 324 1387 )
349 1350 508 1379 Edwards
535 1360 578 1377 sur
601 1349 748 1376 l'influenee
772 1348 803 1373 de
826 1346 1029 1381 l'athmosph'ere
1049 1355 1093 1372 sur
1114 1346 1139 1373 la
1159 1347 1200 1372 vie
1220 1346 1263 1373 des
1280 1347 1431 1373 Batraciens
1451 1347 1479 1373 in
1496 1347 1562 1374 Anu.
1583 1347 1648 1376 Gen.
1667 1348 1711 1376 des
1730 1348 1826 1379 Soienc.
1844 1350 1922 1387 Phys,

229 1412 276 1435 par
295 1403 386 1435 Bory
406 1401 441 1426 de
460 1399 496 1426 St.
516 1399 689 1430 Vincent‚
707 1396 861 1429 Drapiez
881 1401 945 1422 etv.
965 1395 1067 1421 Mons.
1086 1393 1206 1422 tom.1V.
1230 1403 1286 1428 pag,
1305 1396 1362 1422 252,

268 1450 322 1484 (ει)
351 1448 479 1474 Cuvier
497 1447 554 1473 Lec.
575 1446 679 1471 d’Anat.
698 1452 780 1476 comp.
800 1449 851 1468 tom
873 1441 903 1469 V.
923 1450 977 1476 pag.
986 1443 1044 1468 248.

265 1497 320 1532 (5)
347 1495 569 1530 Malpighius
604 1491 753 1520 exercitatio
784 1490 815 1516 de
845 1495 946 1515 omento
958 1509 965 1522 ,
1002 1487 1155 1522 pinguedine
1190 1494 1216 1514 et
1248 1487 1360 1522 adiposis
1393 1487 1519 1517 ductibus.
1551 1488 1621 1516 Edit.
1655 1487 1734 1523 Lugd.
1762 1487 1821 1516 Bat.
1849 1491 1922 1527 ¹6575

228 1554 284 1579 pag.
303 1546 360 1572 235.

264 1605 275 1618 n
291 1592 320 1617 In
334 1590 403 1617 ranis
425 1588 549 1624 (inquit)
569 1587 630 1620 ipsis
645 1586 722 1612 strias
740 1585 861 1618 utrinque
880 1584 985 1609 renibus
1004 1584 1172 1610 adhaerentes
1194 1582 1314 1615 oblongas
1331 1587 1356 1606 et
1371 1582 1482 1615 insignes
1497 1583 1554 1608 oleo
1574 1583 1682 1609 refertas
1697 1583 1877 1619 observamus,
1895 1593 1921 1612 et

231 1652 243 1666 n
258 1638 337 1665 veluti
357 1638 461 1663 adnatas
479 1642 570 1662 trunco
594 1642 672 1659 venae
688 1638 776 1666 portae
801 1640 878 1665 prope
899 1632 988 1665 jecur,
1015 1631 1115 1656 evidens
1135 1629 1259 1656 indicium
1279 1628 1442 1661 pinguedinis
1461 1629 1638 1655 collectionem
1659 1639 1710 1655 nou
1732 1631 1841 1658 fortuite,
1860 1634 1921 1666 qui-

233 1699 245 1714 n
260 1687 318 1712 dem
342 1685 396 1710 fieri
409 1705 416 1717 ,
435 1684 479 1709 sed
496 1684 522 1709 in
544 1682 589 1708 hac
607 1681 678 1707 valde
699 1679 839 1706 sollicitam
858 1678 935 1704 fuisse
954 1684 1072 1704 naturam
1094 1686 1151 1703 cum
1169 1675 1305 1710 conspicua
1325 1675 1498 1702 efformaverit
1517 1686 1563 1710 pro
1585 1677 1738 1711 pinguedine
1753 1680 1919 1712 receptacula.

234 1748 246 1760 n
262 1735 295 1760 Et
312 1733 433 1767 quoniam
457 1732 501 1757 diu
518 1729 634 1756 laboravi
656 1734 685 1754 ut
706 1727 834 1760 vulgatam
853 1726 928 1757 huius
951 1725 1015 1751 dicti
1038 1726 1173 1751 veritatem
1194 1722 1375 1757 explorarem,
1403 1723 1430 1749 in
1449 1724 1519 1749 ranis
1542 1724 1642 1750 tandem
1664 1726 1850 1758 pertractandis
1874 1727 1920 1753 hoc

234 1795 246 1808 n
262 1781 409 1814 observavi,
429 1780 487 1805 dum
510 1777 627 1812 languide
644 1776 726 1802 adhuc
743 1774 813 1800 redit
833 1774 859 1799 in
879 1782 923 1799 cor
944 1774 1061 1807 sanguis,
1081 1774 1106 1799 in
1126 1778 1215 1798 trunco
1233 1779 1309 1796 venae
1330 1776 1435 1804 portae,
1453 1772 1493 1797 cui
1511 1771 1689 1806 appenduntur
1707 1772 1834 1806 expositae
1846 1773 1920 1799 oleo-

234 1842 245 1856 »
260 1839 301 1855 sae
321 1828 398 1854 striae
411 1849 417 1861 ,
436 1827 520 1851 videre
548 1832 585 1851 est
604 1824 751 1859 conspicuas
771 1822 881 1857 guttulas
904 1820 972 1855 olei,
990 1820 1141 1855 compressis
1163 1819 1299 1855 praecipue
1315 1818 1387 1845 striis
1401 1827 1467 1853 qnae
1489 1827 1538 1845 una
1557 1828 1613 1845 cum
1629 1819 1752 1853 sanguine
1774 1820 1801 1846 in
1820 1820 1919 1854 hepatis

234 1889 245 1904 n
260 1886 348 1903 cavum
365 1876 530 1910 rapiumur-'’

1053 2132 1109 2162 ²23&

1821 2353 1915 2385 SY-
