2080 2744
170 223 211 254 62
339 219 381 252 H.
405 220 444 252 L.
468 224 544 251 vAN
570 212 758 249 ALTENA
773 237 782 254 ‚
807 212 1059 247 CORIMENT.
1085 220 1141 246 An
1161 213 1363 257 QUAE-ST.
1388 215 1715 253 ZOO‘LOGICAM.

178 311 301 343 ovariis
322 310 359 342 in
379 308 478 341 tubos
503 307 679 344 venirent,
704 305 837 350 quippe
861 317 947 350 quae
970 304 1161 347 longissime
1185 319 1204 339 a
1219 317 1253 338 se
1272 297 1425 341 invicem*
1438 307 1619 342 distarent.
1664 310 1714 343 Ita
1734 323 1868 356 quaes*

180 368 227 400 tio
261 366 425 400 remansit
455 364 498 396 ad
523 372 639 396 nostra
670 374 779 408 usque
809 370 973 407 tempora.
1020 361 1073 395 Cl.
1106 362 1157 396 Cl.
1188 374 1268 397 vero
1298 365 1453 398 Dumas
1485 373 1520 398 et
1548 366 1629 399 Pre
1642 376 1741 400 vost
1777 369 1869 402 nihil:

177 423 385 457 difficultatis
417 422 452 453 in
479 420 645 453 solvenda
675 419 782 452 hacce
821 419 1020 463 quaestione
1046 420 1215 453 invenisse
1252 419 1435 462 videntur,
1467 421 1520 454 vel
1554 423 1667 466 potius
1692 424 1785 458 illam
1816 427 1866 457 si-

180 482 287 514 lentes
318 477 549 517 transierunt‚
579 477 694 509 statim
724 476 814 509 enim
847 477 884 508 in
912 475 1150 520 disquisitione
1175 477 1314 511 laudata
1336 486 1479 510 narrant
1501 479 1602 521 (1):
1650 495 1669 512 ν
1684 479 1733 513 les
1756 490 1866 515 trom-

179 548 274 580 «pes
303 544 380 568 sont
411 533 546 579 placees
579 533 621 565 de
649 533 783 576 chaque
816 534 890 565 cote
922 532 965 564 de
995 532 1028 564 la
1056 533 1199 566 colonne
1223 533 1438 575 vertebrale‚
1466 547 1510 567 en
1534 536 1663 570 arx-iere
1687 537 1747 570 des
1769 541 1866 571 ovai-

180 604 280 627 «res.
334 593 426 624 Leur
458 590 601 632 longeur
635 598 686 621 est
713 587 948 621 considerable
979 597 1014 620 et
1044 589 1197 623 chacune
1225 590 1344 623 d’elles
1375 600 1459 636 peut
1489 603 1523 624 se
1549 591 1675 626 diviser
1707 606 1751 627 en
1786 597 1869 628 trois

179 664 196 682 «
216 648 341 693 parties
364 647 561 684 distinctes,
586 658 650 690 par
671 645 762 678 leurs
783 645 975 686 fonctions,
1001 657 1038 678 ce
1065 647 1125 690 qui
1152 645 1200 678 les
1223 656 1389 690 rapporte
1411 647 1689 689 singulierement
1707 650 1766 683 des
1788 654 1864 684 me-

182 716 289 740 «mes
316 715 455 746 organes
485 703 545 735 des
567 703 714 735 oiseaux.
759 702 813 734 En
842 701 923 734 effet
952 702 983 734 la
1004 702 1155 746 pavillon
1184 711 1217 734 et
1246 702 1278 734 la
1305 702 1416 746 partie
1445 703 1505 747 qui
1530 715 1572 735 en
1598 713 1648 736 est
1670 706 1798 738 voisine
1832 721 1867 740 se

181 778 197 795 «
216 768 393 793 montrent
417 761 435 791 a
460 772 527 806 peu
546 761 627 804 pres
648 759 696 792 les
718 761 842 792 memes
868 771 910 790 en
940 767 1013 790 tout
1045 767 1167 802 temps.
1212 759 1276 791 Les
1302 757 1416 791 ovules
1442 760 1501 803 qui
1527 771 1562 792 se
1584 759 1770 795 detachent
1796 773 1873 796 sont

181 834 196 850 «
218 817 308 849 saisis
334 829 397 860 par
423 816 470 849 les
496 816 682 862 trompe5.'’
728 815 822 848 Nihil
843 815 912 857 j’am
931 814 974 846 de
998 814 1100 847 modo
1126 827 1195 860 quo
1212 825 1275 847 ova
1300 816 1341 847 ab
1361 815 1577 849 oviductibus
1600 817 1872 861 absorbeantur,

178 876 388 917 loquuntur,
423 872 482 905 sed
511 873 548 904 in
579 872 690 915 figura
724 872 955 916 disquisitioni
987 883 1063 903 suae
1088 872 1222 913 adjecta
1243 877 1393 914 (organa
1419 873 1577 914 genitalia
1598 873 1742 907 feminae
1768 889 1881 909 ranae

186 930 395 969 exhibente)
417 930 549 961 orificia
577 929 797 961 oviductuum
830 939 941 974 prope
970 928 1083 964 ovaria
1116 936 1330 972 posuerunt,
1364 928 1459 972 quod
1496 929 1636 963 omnino
1663 931 1786 965 falsum
1808 942 1877 966 est,-

178 986 341 1030 Quaestio
360 985 463 1027 igitur
486 986 641 1019 nondum
664 985 786 1018 soluta.

225 1044 350 1076 Uterus
363 1044 563 1075 membrana
580 1050 631 1074 est
656 1042 851 1073 tenuissima
864 1064 873 1081 ‚
897 1040 1018 1086 pulcre
1039 1041 1230 1083 sanguineis
1250 1041 1335 1074 vasis
1358 1040 1542 1083 distincta,
1567 1055 1652 1087 quae
1675 1043 1794 1078 inflata
1813 1055 1870 1078 aut

178 1102 248 1134 ovis
262 1099 393 1144 repleta
414 1098 594 1131 dimidium
613 1097 684 1130 fere
701 1097 880 1131 voluminis
900 1098 1015 1131 trunci
1038 1107 1196 1143 occupat.
1230 1097 1395 1130 Latitudo
1409 1097 1628 1132 latitudinem
1647 1103 1761 1134 trunci
1777 1113 1875 1145 quo--

186 1157 370 1190 dammodo
400 1163 556 1198 superat,
579 1155 626 1186 ita
644 1163 683 1186 nt
707 1163 807 1186 utero
829 1155 898 1187 ovis
927 1155 1060 1198 repleto
1085 1156 1169 1187 cutis
1193 1155 1407 1199 musculique
1430 1157 1611 1188 transversi
1630 1156 1713 1189 mire
1734 1157 1870 1190 disten-

182 1216 321 1246 dantur.
367 1214 442 1245 Duo
461 1223 610 1252 cornua,
628 1222 774 1254 quorum
797 1222 861 1254 ope
884 1211 1100 1244 oviductibus
1119 1213 1358 1255 conjungitur,
1379 1212 1416 1243 in
1432 1212 1562 1255 postica
1580 1213 1755 1257 superiOre
1774 1222 1881 1258 parte·

182 1271 318 1303 adsunt.
363 1271 501 1303 Cornua
529 1267 586 1299 illa
609 1267 762 1308 ejusdem
785 1267 856 1297 sere
879 1269 1087 1298 substantiae
1118 1276 1198 1298 sunt
1221 1269 1386 1311 pulposae
1403 1279 1441 1299 ac
1465 1268 1667 1309 oviductus,
1690 1278 1778 1301 totus
1792 1282 1878 1303 vero

182 1337 299 1360 uterus
319 1327 423 1358 saccis
444 1331 576 1356 constat
595 1322 727 1354 duobus
740 1346 749 1363 ,
769 1334 916 1366 quorum
934 1321 1054 1355 dexter
1070 1322 1212 1363 dextro,
1231 1322 1368 1355 sinister
1383 1322 1520 1355 sinistro
1535 1335 1611 1356 cum
1628 1324 1790 1358 oviductu
1810 1338 1872 1359 co-

182 1385 315 1417 haeret.
342 1384 383 1414 In
402 1381 565 1413 inferiore
587 1379 776 1425 posteriore
799 1386 896 1423 parte
916 1378 1020 1423 paulo
1036 1391 1140 1424 super
1157 1380 1394 1422 sphincterem
1417 1381 1494 1417 ani,
1521 1381 1620 1412 ambo
1640 1382 1728 1413 sacci
1745 1392 1876 1416 exeunt

182 1442 217 1472 in
240 1439 407 1479 cloacam,
431 1437 571 1469 orificiis
589 1436 795 1478 marginibus
826 1434 1043 1478 aliquomodo
1069 1436 1250 1476 convexis,
1274 1434 1454 1467 annulatis.

222 1497 272 1528 De
297 1494 489 1527 evolutione
512 1493 622 1537 gyrini
650 1501 715 1524 tam
739 1491 844 1523 multa
859 1516 867 1532 ‚
893 1500 1027 1536 tamque
1056 1492 1267 1534 sagacissima
1286 1492 1518 1536 experimenta
1542 1492 1697 1524 instituta
1729 1503 1831 1536 sunt,
1854 1508 1873 1527 a

182 1553 261 1586 viris
279 1552 411 1591 doctis,
435 1559 474 1581 ut
495 1550 537 1582 de
554 1549 611 1581 illa
634 1549 661 1580 si
678 1548 776 1580 nobis
794 1548 850 1580 hic
869 1548 1038 1590 agendum
1055 1558 1140 1582 esset
1160 1548 1405 1592 pulcerrimam
1423 1549 1562 1580 omnino
1580 1550 1788 1582 excurrendi
1806 1563 1869 1583 oc-

183 1610 353 1641 casionem
371 1607 585 1638 haberemus.
616 1605 733 1646 Quum
752 1612 864 1635 autem
886 1616 955 1636 non
983 1604 1084 1650 plane
1103 1604 1145 1637 ad
1170 1605 1404 1649 quaestionem
1426 1604 1552 1637 haecce
1570 1604 1763 1649 disquisitio
1782 1619 1871 1652 per-

181 1668 324 1703 tineret,
351 1674 524 1710 quumque
556 1661 599 1693 de
629 1661 854 1693 ossificatione
884 1670 1014 1693 nostras
1042 1662 1199 1708 proprias
1226 1661 1476 1693 observationes
1493 1685 1501 1700 ,
1527 1673 1684 1707 quaeque
1714 1664 1808 1705 sint,
1831 1665 1868 1696 in

181 1721 418 1766 osteographifi
445 1718 716 1757 narraverimus‚
739 1717 841 1748 finem
867 1726 1003 1749 nostrae
1028 1717 1393 1750 commentatiunculae
1419 1718 1639 1761 inponimus,
1666 1719 1867 1762 credentes,

182 1780 260 1812 satis
283 1781 352 1821 jam
382 1777 630 1811 demonstrasse
651 1785 711 1805 nos
725 1787 734 1805 z

260 1836 400 1867 ·Ranam
417 1833 545 1866 habere
570 1843 638 1876 quo
658 1830 827 1862 curiosum
845 1830 980 1873 fatiget,
1004 1831 1084 1863 licet
1103 1831 1270 1875 adspectu
1287 1830 1361 1863 vilis
1381 1830 1424 1862 sit
1437 1839 1471 1862 et
1490 1830 1706 1863 ciconiariam
1722 1831 1879 1872 victima„

220 1957 276 1993 (1)
301 1956 318 1983 1.
338 1954 356 1983 1.
382 1963 438 1989 pag.
460 1963 506 1980 102
525 1959 550 1978 et
569 1952 625 1978 105.

1152 2047 1548 2072 SYMBOLUM.

815 2141 938 2173 JIalJet
964 2154 1053 2173 rczna
1077 2143 1170 2184 quod
1194 2143 1376 2174 curiosum
1392 2142 1557 2184 fatiget,
1581 2140 1667 2172 licet
1694 2141 1869 2184 adspectu

888 2199 974 2231 vilis
998 2206 1033 2231 et
1057 2200 1277 2232 ciconiarmn
1298 2199 1463 2231 victima.

1063 2286 1105 2318 G.
1132 2284 1314 2318 Blasius.
1338 2285 1441 2318 Anat.
1465 2282 1613 2316 Animal.
1639 2283 1722 2326 Cap.
1739 2282 1867 2318 XXIV.
