2080 2744
251 248 294 274 20
645 233 822 269 11:112·
906 218 1026 271 un
1112 234 1544 283 AETENA}

256 340 334 363 cere
356 328 552 374 possemus)
584 338 669 374 quae
692 335 727 361 et
755 327 892 362 brevior
915 335 986 365 est,
1017 335 1051 361 et
1074 328 1201 370 figurae
1226 329 1298 363 fere
1327 332 1537 376 quadratae,
1568 334 1747 379 apophysi
1764 343 1934 381 petrosae

257 388 350 420 ossis
370 385 579 429 temporalis
602 384 737 417 inferne
759 384 979 427 adjungitur,
999 384 1036 417 in
1053 386 1210 419 confiniis
1233 389 1448 431 expansionis
1467 389 1615 423 lateralis
1630 394 1722 425 ossis
1741 395 1938 437 sphaenoio

257 445 329 477 clei.
373 441 568 487 Apophysis
592 441 656 474 alia
679 441 852 479 occurrit,
878 453 966 487 quae
987 450 1082 474 retro
1103 442 1214 475 tendit
1228 467 1238 484 ,
1263 443 1379 487 (unde
1400 457 1475 479 eam
1496 458 1652 480 vocamus
1675 452 1943 495 posteriorem)

256 509 291 533 et
315 500 383 531 lata
406 506 471 532 est.
527 499 661 532 Haecce
691 498 870 542 apophysi
892 499 1098 543 quadratae
1127 501 1219 533 ossis
1245 502 1422 544 quadrati
1453 502 1689 546 cartilaginoso
1723 507 1943 551 conjungitur

256 557 451 599 ligamento.
495 555 693 599 Apophysis
715 555 785 597 jam
811 564 967 598 superest
993 556 1096 597 hujus
1123 557 1204 588 ossis
1230 558 1394 598 maxima,
1421 571 1506 604 quae
1527 560 1638 594 antice
1656 562 1801 595 vertitur
1823 565 1945 606 (unde

257 614 394 656 prioris
417 613 581 654 nomen).
625 612 786 654 Magnam
805 619 939 654 partem
961 612 1137 645 constituit
1156 612 1332 649 lateralem
1360 618 1427 650 oris
1451 628 1598 662 eumque
1623 617 1759 651 maxilla
1783 620 1943 663 superio-

256 682 293 702 re
317 682 381 702 nee
406 681 476 702 non
499 680 576 701 cum
595 669 792 713 apoplzysis
818 668 1017 701 orbitariae
1044 670 1136 702 ossi-9
1161 672 1337 714 quadrati
1357 675 1481 716 apice,
1504 686 1544 706 ae
1567 676 1657 707 ossis
1674 676 1835 718 palatini
1852 686 1941 719 pos-

258 728 403 760 terioris
420 732 527 769 parte
551 725 758 777 maxillarici
787 726 1018 770 conjungitur.
1062 726 1104 758 In
1127 727 1233 760 hacce
1250 729 1367 773 priore
1389 729 1576 773 apophysi,
1601 729 1713 762 sulcus
1738 730 1854 773 adest,
1881 735 1942 776 qui

257 783 406 816 orbitam
425 791 571 827 spectat.
615 783 730 816 Facies
753 783 890 815 interna
912 790 1080 823 convexa,
1104 791 1245 817 externa
1269 795 1416 820 concava
1435 794 1496 818 est.

299 841 451 872 Maxilla
485 840 651 883 superior
680 851 740 871 sex
766 839 896 871 ossibus
926 848 1058 873 constat
1080 843 1324 884 symmetrieis,
1351 855 1497 886 quorum
1522 844 1587 875 tria
1608 843 1787 883 dextram,
1812 846 1947 889 triaque

257 897 429 928 sinistram
452 896 666 928 constituunt
688 904 835 939 partem.
879 896 929 927 De
961 896 1071 928 tribus
1099 896 1204 938 igitur
1227 898 1463 931 tantummodo
1484 898 1670 931 dicendum
1694 908 1770 942 est3
1797 902 1841 934 de
1871 915 1946 935 osse

258 955 394 986 minore
416 952 570 986 maxillae
595 953 800 995 superioris,
827 951 870 984 de
896 964 971 984 osse
991 953 1064 993 ejus
1081 954 1215 997 majore
1243 962 1278 987 et
1302 954 1346 988 de
1368 957 1519 988 ossiculo
1544 957 1834 990 intermaxillari.

305 1010 355 1042 Os
387 1010 572 1042 maxillare
605 1010 726 1041 minas
757 1016 851 1040 arcte
884 1009 1044 1040 cohaeret
1077 1020 1154 1042 cum
1184 1011 1398 1043 extremitate
1430 1010 1594 1043 inferiore
1623 1013 1818 1056 apophysis
1853 1028 1944 1058 qaa-

259 1069 387 1099 dratae
413 1067 504 1098 ossis
539 1066 727 1108 quadrati.
781 1065 823 1097 In
849 1065 983 1108 postica
1005 1066 1075 1107 jam
1098 1073 1196 1108 parte
1229 1067 1450 1109 extenditur,
1480 1076 1559 1100 mox
1593 1076 1706 1101 tamen
1733 1073 1839 1113 parva
1863 1083 1945 1105 cur-

255 1127 372 1157 vatura
395 1130 540 1157 externe
563 1124 711 1153 convexss
725 1145 736 1158 ,
761 1128 956 1153 antrorsum
978 1120 1090 1153 tendit
1110 1121 1147 1153 in
1174 1124 1374 1167 apicemque
1395 1125 1559 1156 excurrit.
1605 1125 1711 1157 Hicce
1733 1139 1819 1173 apex
1837 1140 1946 1172 squa-

255 1183 310 1214 ma
332 1192 410 1212 cum
436 1189 507 1210 osse
529 1177 824 1220 snpermaxillan
847 1178 983 1219 majore
1006 1178 1238 1220 conjungitur.
1283 1182 1325 1212 In
1345 1181 1452 1214 hocce
1486 1191 1558 1213 osse
1591 1181 1710 1214 dentes
1743 1195 1813 1216 non
1846 1185 1946 1219 inve-

252 1242 394 1273 niuntur
409 1263 417 1275 ‚
453 1237 513 1281 qui
544 1236 580 1268 in
609 1234 904 1278 supermaxillari
927 1236 1063 1275 majore
1090 1235 1127 1266 in
1148 1237 1495 1269 izztermccxz'llarz‘bus
1525 1244 1559 1268 et
1574 1238 1758 1279 palatinis·
1781 1243 1946 1274 anterio.

254 1299 352 1331 sibus
376 1294 511 1328 adsunt.

304 1355 355 1386 Os
379 1351 564 1384 maxillare
592 1350 724 1393 majas.
778 1348 886 1382 Parva
913 1349 1093 1382 curvatura
1121 1347 1163 1380 ad
1192 1347 1278 1381 latus
1307 1355 1488 1382 externum
1528 1351 1676 1383 convexa
1695 1373 1707 1391 ,
1741 1357 1846 1385 totam
1878 1354 1947 1387 fera

255 1408 510 1452 longitudinem
535 1405 690 1438 maxillae
715 1405 905 1449 superioris
938 1406 1125 1438 constituit.
1180 1407 1338 1449 Longum
1361 1414 1412 1438 est
1446 1414 1481 1438 et
1513 1406 1648 1449 gracile.
1705 1407 1857 1442 Externa
1885 1423 1946 1443 su·-

257 1467 418 1513 perficies
451 1464 552 1508 plana
580 1472 631 1496 est
663 1463 843 1507 nullasque
869 1464 1093 1507 expansiones
1122 1465 1233 1496 offert.
1278 1464 1420 1495 Interne
1449 1473 1512 1507 per
1540 1469 1645 1494 totam
1673 1474 1767 1496 suam
1792 1463 1946 1510 longitu-

261 1526 379 1558 dinem
401 1533 546 1555 crenam
564 1520 683 1557 offert,
711 1520 767 1551 cui
792 1531 862 1552 sese
888 1519 1024 1552 inferne
1048 1521 1205 1564 adjungit
1234 1520 1319 1552 cutis
1342 1519 1428 1556 oris,
1453 1519 1511 1550 ‘ita
1533 1527 1571 1551 ut
1596 1521 1634 1551 in
1664 1520 1741 1552 vivo
1769 1520 1948 1555 individuo

259 1583 346 1615 nihil
367 1581 510 1622 hujusce
524 1580 680 1611 internae
693 1577 889 1620 superficiei
911 1586 1073 1619 appareat
1094 1579 1159 1610 nisi
1183 1577 1384 1621 apoplzyses
1406 1576 1636 1607 odontoz'cleae
1649 1600 1658 1612 .
1685 1586 1768 1618 quas
1791 1578 1948 1619 triginta

260 1647 335 1673 0330
358 1639 394 1669 in
415 1647 483 1668 uno
502 1645 639 1679 quoque
655 1633 762 1664 latere
781 1633 968 1664 numeravi.
1002 1632 1208 1676 Apophyses
1234 1630 1314 1661 illae
1339 1628 1564 1660 odontoideae
1584 1630 1619 1661 in
1642 1630 1774 1672 apicem
1803 1642 1948 1673 exeunt,

259 1698 302 1729 ad
326 1704 502 1729 externam
526 1698 659 1733 partem
683 1689 751 1721 oris
772 1688 984 1732 aliquatenus
1009 1699 1202 1720 convexam.
1228 1687 1269 1718 In
1291 1683 1450 1717 confiniis
1469 1685 1592 1717 ossium
1613 1685 1838 1718 maxillarium
1855 1700 1948 1731 pau-

261 1753 380 1785 xillum
419 1746 615 1780 extenditur
653 1758 690 1778 03
731 1745 917 1778 maxillam
951 1745 1081 1787 majas.
1140 1744 1297 1787 Superne
1331 1748 1474 1786 apparet
1506 1742 1701 1784 apophysis
1739 1749 1948 1776 transversa

262 1821 348 1853 quae
378 1804 576 1838 formandae
607 1802 737 1834 orbitae
762 1802 854 1845 parti
881 1802 1046 1834 anteriori
1082 1799 1277 1840 concurrit,
1309 1806 1343 1832 et
1375 1809 1454 1831 cum
1482 1798 1656 1841 apophysi
1686 1799 1778 1831 ossis
1811 1802 1948 1833 nasalis

261 1864 480 1906 conjungitur
504 1860 623 1892 sutura
646 1858 836 1902 squamosa.

305 1920 463 1953 Tertium
487 1928 521 1949 os
545 1914 697 1948 maxillae
721 1915 907 1958 superioris
928 1922 979 1947 est
1001 1927 1038 1946 os
1063 1915 1360 1948 iatermaxillare.
1408 1914 1559 1946 Externa
1582 1914 1781 1959 superficies
1802 1923 1950 1949 convexa

263 1987 324 2011 est.
372 1977 501 2010 Crena,
528 1985 613 2018 quae
641 1973 678 2003 in
708 1970 865 2004 maxillae
886 1972 1072 2015 superioris
1097 1972 1234 2004 interna
1259 1979 1357 2015 parte
1384 1970 1608 2007 occurrebat,
1632 1971 1688 2003 hic
1710 1972 1885 2015 procurrit
1915 1980 1949 2004 et

265 2033 406 2079 quidem
429 2032 476 2063 ita
506 2029 726 2066 extenditur,
757 2036 795 2060 ut
826 2029 904 2060 satis
937 2040 1091 2071 magnam
1110 2029 1236 2071 palati
1257 2036 1391 2074 partem
1423 2036 1545 2060 teneat.
1600 2027 1817 2070 Apoplzysia
1848 2028 1950 2061 habet

265 2090 443 2124 nasalem‚
469 2098 554 2130 quae
579 2095 719 2119 externe
740 2080 905 2122 convexa,
929 2085 1066 2117 interne
1089 2096 1237 2118 concava
1264 2093 1326 2117 est.
1372 2085 1508 2117 Decem
1529 2082 1696 2115 denticuli
1716 2083 1752 2114 in
1770 2095 1839 2116 uno
1857 2096 1947 2128 quo-

267 2159 336 2191 que
359 2145 593 2176 observantur.
640 2144 726 2175 Cum
748 2142 914 2174 maxillae
937 2153 1012 2174 osse
1035 2143 1169 2185 majore
1193 2150 1227 2173 et
1253 2152 1329 2173 cum
1353 2153 1418 2173 sno
1430 2141 1524 2183 pari
1551 2138 1752 2181 cartilaginis
1776 2150 1841 2183 ope
1860 2130 1947 2171 con-

266 2203 442 2245 jungitur,
466 2211 543 2231 cum
560 2201 705 2232 ossibus<
722 2209 803 2232 vero
818 2198 1000 2241 palatinis
1023 2199 1237 2231 membranae
1259 2198 1468 2231 interventu-

309 2261 350 2291 1n
369 2257 441 2288 basi
465 2258 534 2297 jam
554 2257 662 2288 cranii
682 2264 850 2300 apparent
875 2262 1032 2299 qua-tuor
1051 2255 1207 2287 ossicula
1222 2256 1393 2297 palatum
1405 2253 1627 2297 formantia.
1673 2253 1758 2284 Ossa
1776 2259 1857 2284 sunt
1872 2264 1949 2295 pa·

266 2315 382 2351 latina
405 2313 591 2344 anteriora
611 2321 644 2344 et
658 2313 876 2355 posteriora·

314 2371 407 2403 Ossa
426 2369 597 2413 palatina
624 2370 811 2403 anteriora
845 2369 914 2403 duo
946 2367 1095 2410 adsunt,
1130 2367 1295 2402 dextrum*
1313 2375 1347 2401 et
1367 2367 1553 2401 sinistrum·
1609 2364 1773 2399 Fundam
1799 2364 1949 2399 efficiunt

1154 2429 1157 2433 ·
1886 2431 1946 2452 ca-
