2080 2744
225 178 268 211 50
622 173 665 206 H.
751 172 797 206 L.
881 180 1001 209 VAN
1086 173 1512 218 ALTENA,

226 263 419 298 ventriculo
445 272 556 297 ramos
578 264 722 302 tribuit,
748 264 944 310 formatque
966 266 1085 312 plexus
1104 276 1262 300 nervosos
1282 279 1385 311 super
1413 268 1538 301 haecce
1562 278 1696 311 organa.
1741 268 1770 300 E
1791 272 1906 302 cranio

226 333 416 367 prorepens
441 332 577 353 crucem
606 321 729 354 format
754 333 831 354 cum
861 335 968 357 nervo
1001 322 1142 365 linguali
1168 331 1202 355 et
1231 322 1557 369 glossopharynge0:
1582 324 1908 369 glossopharyngeus

226 379 277 411 ibi
302 379 451 421 postico,
477 389 577 419 vagus
603 378 738 419 medio,
762 379 920 421 lingualis
945 380 1057 412 antico
1086 379 1163 412 loco
1191 382 1322 424 positus
1349 389 1410 413 est.
1472 382 1611 425 Saepius
1643 382 1710 414 tria
1738 381 1910 414 filamenta

225 446 243 467 e
270 434 385 466 cranio
407 435 633 476 proveniunt,
659 448 745 479 quae
771 445 867 468 aucta
891 435 1099 480 quibusdam
1127 436 1308 469 filamentis
1328 449 1346 469 e
1367 436 1697 482 glosso-pharyngeo
1715 446 1749 470 et
1766 437 1909 480 linguali

225 488 397 527 oriundis,
425 490 563 523 tandem
584 503 702 534 vagum
724 493 838 536 ipsum
860 493 1020 525 formant.

264 547 382 578 Νενοὶ
398 548 732 590 glossoplzaryngei.
767 549 945 591 Quaedam
969 548 1139 580 filamenta
1156 550 1331 593 recipiunt
1353 563 1371 582 a
1392 560 1497 582 nervo
1516 549 1647 587 faciali,
1665 557 1698 581 et
1717 560 1822 591 vag03
1842 562 1905 582 ex-

223 602 306 635 inde
328 601 531 635 dividuntur
544 604 580 635 in
599 605 707 636 varios
727 616 836 637 ramos
851 630 861 642 ,
888 616 1034 649 quorum
1052 616 1141 637 unus
1155 608 1280 648 partim
1292 607 1461 640 evanescit
1480 606 1517 638 in
1536 605 1695 637 musculis
1714 606 1795 637 ossis
1816 614 1906 638 tem-

220 658 369 700 poralis,
394 659 519 701 partim
540 660 576 692 in
599 662 760 693 musculis
783 661 929 704 linguae.
954 655 956 657 ¹
975 661 1075 694 Alter
1096 673 1208 693 ramus
1235 674 1358 704 magno
1375 675 1482 695 nervo
1499 662 1702 705 hypoglosso
1725 663 1878 704 jungitur
1895 677 1905 695 z

223 713 279 745 alii
302 713 453 760 denique
475 718 562 748 rami
585 717 746 749 musculis
770 719 974 764 pharyngeis
1004 718 1252 760 adjunguntur.

260 771 377 803 Nervi
391 772 636 815 hypo-glomi,
657 786 721 818 per
738 775 891 807 foramen
907 767 1172 817 condyloideum
1187 787 1205 806 e
1224 775 1339 807 cranio
1351 782 1492 812 exeunt,
1512 786 1604 819 pone
1623 785 1765 806 nervum
1776 784 1907 815 vagum.

219 826 335 859 Primo
354 828 486 870 gracilis
510 838 656 873 uterque
678 838 730 862 est
744 856 754 868 ,
778 832 931 862 anticam*
945 843 1025 863 vero
1049 831 1169 874 capitis
1197 839 1330 874 partem
1352 841 1474 874 petens
1495 831 1637 862 crassior
1663 829 1797 868 evadit,
1823 841 1905 862 cru-

223 894 364 926 cemque
386 885 509 916 format
533 897 609 918 cnm
636 898 718 928 vago
742 887 795 918 cui
823 888 950 930 partim
978 886 1188 928 adjungitur.
1233 887 1395 918 Anterins
1418 899 1626 931 procurrens
1648 899 1751 929 super
1775 886 1906 929 glosso-

214 938 454 982 ·pharyngeum
473 943 616 980 transit,
640 943 677 975 in
698 943 917 986 linguamque
944 942 1076 979 tendit,
1103 944 1157 975 cui
1179 943 1312 973 duobus
1333 943 1435 974 ramis
1458 942 1668 983 adjungitur.

258 995 376 1027 {Vervi
399 999 607 1041 occipitales
631 1006 668 1032 et
689 1001 892 1033 cervicales.
938 1001 1012 1031 Duo
1036 999 1131 1042 paria
1159 997 1395 1029 tantummodo
1421 996 1557 1033 adsunt,
1604 999 1701 1030 Inter
1731 998 1904 1032 vertebras

216 1050 390 1092 oriuntur,
415 1053 451 1084 in
475 1055 635 1086 musculis
667 1055 745 1087 colli
770 1055 973 1088 dividuntur
996 1063 1030 1087 et
1052 1053 1218 1099 quosdam
1240 1065 1349 1086 ramos
1375 1054 1535 1087 emittunt
1557 1052 1603 1085 ad
1632 1053 1818 1096 scapulam·

258 1107 403 1139 Nervus
428 1109 771 1153 diaplzragmaticzcs
803 1112 909 1144 deest.

257 1163 375 1195 Nervi
391 1164 549 1196 dorsales
571 1173 608 1198 et
631 1169 822 1200 lumbar-es.
867 1169 1001 1200 Similes
1027 1177 1107 1200 sunt
1139 1168 1206 1200 illis
1234 1168 1422 1201 hominum.
1468 1168 1636 1199 Numerus
1671 1166 1904 1199 tantummodo

216 1230 234 1249 a
258 1231 400 1251 numero
422 1221 660 1254 vertebrarum
685 1223 875 1268 dependet.

257 1276 372 1308 Nervi
385 1278 521 1319 peloici
539 1284 574 1309 et
595 1279 773 1310 candales.
809 1277 973 1310 Caudales
997 1277 1132 1308 desunt.
1174 1277 1270 1308 Rami
1291 1277 1416 1319 pelvici
1437 1277 1581 1309 adsunt:
1615 1285 1683 1308 tam
1707 1279 1758 1309 illi
1783 1279 1843 1321 qui
1860 1280 1904 1310 ad

215 1332 327 1362 ovaria
344 1340 378 1362 et
398 1340 521 1372 testes,
546 1346 649 1376 quam
674 1335 732 1378 qui
756 1334 797 1366 ad
822 1335 1056 1377 sphincterem
1079 1333 1135 1363 ani
1164 1340 1197 1364 et
1218 1333 1373 1364 membra
1397 1332 1624 1365 abdominalia
1644 1333 1833 1376 pertinent.

256 1388 374 1420 Nervi
405 1388 604 1421 brachiales
628 1398 664 1422 et
693 1392 792 1423 nervi
815 1391 985 1423 thoracis.
1033 1390 1192 1420 Truncus
1219 1390 1407 1420 communis
1431 1397 1481 1420 est
1504 1400 1632 1420 crassus
1656 1390 1796 1421 omnino
1817 1402 1903 1423 ner-

212 1452 284 1474 vus.
330 1444 459 1487 Incipit
480 1445 571 1476 inter
593 1447 778 1479 secandam
801 1455 834 1478 et
863 1446 999 1478 tertiam
1024 1445 1226 1477 vertebram.
1271 1444 1415 1485 Jamjam
1436 1444 1498 1474 sub
1523 1444 1621 1475 axilla
1648 1457 1781 1478 ramum
1800 1448 1902 1479 cmit-

215 1498 255 1530 tit
279 1500 453 1543 scapulam
483 1511 659 1544 petentem
688 1513 721 1536 et
753 1504 845 1535 inter
878 1503 1018 1544 hujusce
1055 1499 1222 1533 musculos
1256 1508 1522 1533 evanescentem.
1575 1499 1724 1532 Ulterius
1757 1501 1794 1533 in
1818 1502 1903 1535 bra-

215 1555 332 1587 chium
358 1566 500 1589 truncus
535 1561 720 1592 communis
751 1559 950 1602 procurrit,
983 1565 1018 1589 et
1051 1559 1117 1589 cito
1149 1557 1182 1588 in
1217 1555 1300 1587 duos
1335 1568 1443 1587 ramos
1481 1555 1664 1594 dividitur,
1698 1565 1795 1588 antea
1824 1569 1903 1590 vero

215 1619 408 1644 extensores
436 1614 571 1645 brachii
599 1624 632 1646 ct
666 1615 801 1661 capsula
829 1613 1016 1645 articularis
1044 1613 1125 1643 ossis
1157 1611 1293 1642 humeri
1323 1611 1490 1653 quaedam
1512 1610 1594 1642 inde
1618 1610 1787 1643 filamenta
1809 1614 1902 1644 reci-

215 1667 329 1708 piunt.
376 1671 470 1701 Unus
493 1671 614 1702 horum
637 1683 805 1704 ramorum
832 1671 981 1702 anticum
1006 1670 1139 1701 obtinet
1159 1667 1271 1698 locum
1295 1666 1367 1706 (Ν.
1391 1666 1605 1707 medianus)
1627 1674 1660 1696 et
1689 1667 1731 1697 ad
1766 1669 1898 1701 articu—

215 1722 376 1757 lationem
397 1726 531 1759 humeri
561 1740 637 1759 cum
662 1727 876 1760 antibrachio
897 1726 1121 1771 perveniens,
1149 1725 1185 1755 in
1208 1721 1377 1754 musculos
1405 1722 1566 1764 irrumpit
1595 1722 1818 1762 anfibrachii,
1839 1726 1898 1757 ubi

218 1781 255 1812 in
283 1781 366 1813 duas
394 1793 508 1827 partes
530 1783 719 1822 dividitur,
746 1796 889 1828 quarum
915 1795 983 1814 una
1003 1782 1038 1813 in
1060 1780 1242 1813 ssexoribus
1269 1779 1453 1820 digitorum
1473 1779 1662 1818 evanescit,
1684 1779 1787 1812 altera
1808 1782 1901 1822 juxta

219 1848 255 1868 os
284 1839 391 1870 cubiti
416 1847 449 1870 et
478 1840 566 1871 radii
596 1853 807 1886 prorepens,
842 1839 1028 1881 unicuique
1059 1837 1243 1878 digitorum
1273 1834 1407 1866 ultimos
1438 1846 1512 1865 suos
1538 1834 1689 1866 surculos
1710 1837 1842 1869 tribuit.

261 1896 439 1928 Secundus
465 1908 544 1928 vero
582 1909 692 1928 ramus
726 1898 802 1939 (N.
826 1895 1044 1935 brachiolis)
1067 1894 1247 1925 humerum
1281 1891 1490 1930 circumdat,
1524 1891 1560 1921 in
1584 1899 1798 1924 extensorem
1831 1905 1896 1925 an-

217 1953 375 1985 tibrachii
396 1953 567 1985 filamenta
588 1954 735 1993 emittit,
762 1954 795 1984 in
819 1951 1053 1984 articulatione
1079 1949 1286 1984 antib-rachii
1305 1961 1381 1981 cum
1407 1947 1547 1979 humero
1579 1948 1709 1990 postice
1741 1949 1779 1981 in
1801 1961 1897 1984 mus,-

219 2010 311 2042 culos
334 2011 478 2047 emicat,
503 2010 621 2053 ibique
643 2010 781 2042 desinit.

260 2068 376 2100 Nervi
395 2068 633 2100 membrorzmz
650 2067 941 2099 abdomitzalizcm.
989 2065 1071 2097 Tria
1085 2065 1180 2109 paria
1196 2074 1377 2096 nervorum
1395 2061 1532 2106 plexum
1550 2061 1762 2093 constituunt
1780 2060 1894 2095 semo,-

218 2123 335 2156 ralem.
353 2125 454 2155 Juxta
473 2133 575 2156 totam
595 2125 716 2155 ossium
737 2124 785 2155 ilii
801 2121 1047 2164 longitudinem
1066 2129 1287 2164 procurrunt.
1330 2120 1371 2150 In
1393 2118 1529 2159 regione
1548 2117 1701 2155 femoris,
1728 2130 1814 2150 unus
1835 2119 1894 2153 in-

219 2181 263 2212 de
279 2189 453 2223 separatur
478 2193 620 2221 nervus,
644 2181 920 2224 (N.semot·alis
941 2179 1122 2221 anterior)
1147 2179 1205 2223 qni
1228 2189 1290 2220 per
1313 2174 1480 2208 musculos
1505 2175 1632 2207 anticos
1655 2175 1790 2206 semoris
1817 2172 1892 2205 dis-

220 2238 382 2280 pescitur.
399 2239 535 2269 Caetera
549 2250 627 2281 pars
642 2238 805 2280 posticam
819 2237 954 2269 semoris
971 2243 1102 2280 partem
1117 2235 1240 2266 transit
1256 2242 1289 2266 et
1304 2245 1379 2265 cum
1390 2233 1440 2265 N.
1454 2232 1602 2264 sciatico
1619 2231 1787 2264 convenit.
1807 2229 1892 2261 Plu-

220 2294 305 2326 rIma
325 2294 497 2326 filamenta
518 2295 661 2332 emittit,
683 2307 767 2340 quae
791 2294 950 2327 musculis
968 2293 1103 2326 femoris
1122 2292 1331 2325 inseruntur.
1376 2290 1500 2324 Versus
1520 2288 1664 2323 mediam
1688 2286 1795 2322 ferme
1811 2285 1892 2348 lou-

1838 2353 1894 2384 gl·
