2080 2744
334 253 556 291 ORDINI
609 247 1120 288 DISCIPLINARUM
1176 248 1755 289 MATHEMATICARUM

783 326 855 363 ET
905 325 1291 362 PHYSICARUM

1018 431 1052 464 S.

192 549 394 600 Iditerafflm
410 566 595 598 dulcedine
612 564 753 602 inbuto,
771 561 911 604 illasque
931 560 1016 592 vitae
1037 558 1195 600 gaudium
1215 559 1398 600 arbitram,
1423 573 1501 593 ecce
1518 562 1677 605 physicae
1692 565 1875 606 generalis,

190 625 416 668 inprimisque
443 620 603 654 naturalis
624 620 782 651 historiae
809 618 926 657 initia,
951 616 1034 648 mihi
1060 615 1286 649 docebantur.
1332 618 1494 649 Maximas
1515 618 1723 662 voluptates,
1749 623 1870 665 quibus

189 681 245 712 illa
271 681 409 712 scientia
437 680 567 721 juvenis
590 677 774 722 praecipue
799 672 1040 706 inssammabile
1072 674 1207 714 genium
1236 673 1399 713 deliniat,
1424 686 1480 706 vos
1500 687 1613 708 omnes
1635 676 1678 706 V.
1704 678 1744 710 V.
1771 678 1808 709 C.
1835 680 1872 711 C.

190 738 351 770 sensistis.
396 736 484 769 Mihi
507 735 629 776 igitur,
654 732 707 772 id,
734 731 825 775 quod
841 730 1016 774 pluribus,
1041 730 1166 762 evenit.
1203 731 1365 762 Naturam
1386 732 1487 762 satius
1508 732 1589 764 duxi
1615 733 1744 777 ipsam,
1774 747 1875 778 quam

190 796 261 835 ejus
285 795 326 825 ab
353 801 484 824 oratore
504 800 559 822 aut
576 790 677 834 pocta
698 787 934 820 adumbratam
950 787 1129 828 imaginem
1146 786 1318 819 admirari.
1366 788 1557 820 Litcrarum
1574 791 1641 830 jam
1661 790 1784 822 delitiis
1805 804 1873 823 non

188 851 328 882 fruebar
341 850 405 879 nisi
420 848 511 878 horis
528 847 711 877 subsecivis
724 871 732 882 ‚
748 854 781 876 et
792 845 889 876 brevi
900 844 999 876 hasce
1017 845 1117 875 etiam
1128 845 1149 876 S
1160 856 1297 876 wamm
1308 858 1323 877 e
1334 845 1381 876 rd
1394 857 1452 877 am
1462 846 1569 878 nlius
1582 869 1591 886 ,
1603 848 1630 878 L
1642 860 1661 890 y
1672 859 1690 879 o
1701 860 1721 879 n
1732 860 1752 878 n
1763 860 1778 879 e
1792 856 1872 885 tus,

185 905 260 944 alii,
281 904 345 935 sibi
361 902 594 935 vindicabant.
630 899 890 943 Philosopbica,
910 897 1034 940 illaque
1059 898 1287 941 physiologica
1311 913 1411 942 pars,
1437 911 1504 934 tam
1526 903 1561 933 in
1584 902 1751 935 botanicis
1771 917 1872 947 quam

186 962 222 992 in
245 960 421 1001 zoologicis
440 958 580 989 maxime
603 968 654 987 ine
674 957 849 996 trahebat,
873 955 932 987 secl
957 956 1144 987 innumeris
1166 956 1364 988 offendebar
1385 957 1588 997 obstaculis,
1614 960 1727 991 moris.
1775 960 1869 1003 Quid

185 1021 274 1051 enim
292 1018 512 1062 physiologia,
531 1017 658 1059 absque
671 1015 858 1055 anatomia,
875 1015 1004 1058 absque
1027 1013 1194 1046 anatomia
1219 1015 1438 1057 comparata?
1463 1014 1549 1046 nihil
1567 1026 1656 1048 saue.
1689 1017 1868 1047 Anatomia

184 1088 264 1108 vero
287 1083 479 1117 comparata
503 1074 547 1109 ab.
572 1072 629 1104 illa
661 1072 804 1104 hominis
833 1073 1011 1104 maximam
1031 1084 1126 1104 suam
1149 1073 1345 1113 gravitatem
1371 1073 1638 1115 dignitatemque
1657 1072 1870 1116 adipiscitur.

185 1129 241 1163 Ad
265 1130 450 1161 humanum
477 1141 599 1173 corpus
628 1140 742 1160 omncs
769 1128 973 1169 anomaliae,
996 1129 1033 1160 iu
1054 1128 1249 1161 animalium
1266 1128 1412 1159 maxima
1434 1127 1517 1159 serie
1541 1129 1738 1161 innumerae
1762 1142 1867 1162 occu-

184 1195 296 1218 rentes
309 1208 319 1224 ,
341 1186 550 1216 referuntur.
575 1185 722 1214 Humani
742 1193 852 1216 autem
876 1187 1026 1229 corporis
1043 1185 1154 1217 studio
1177 1197 1246 1216 non
1264 1186 1340 1214 satis
1361 1183 1421 1213 diu
1440 1184 1675 1216 incubueram.
1711 1185 1870 1217 Genera-

182 1246 266 1277 }iora
293 1243 433 1288 quidem
459 1239 711 1286 pervolvemm,
736 1238 795 1270 sed
818 1250 887 1270 non
919 1238 987 1270 huc
1016 1251 1122 1282 usque
1150 1246 1427 1281 penetraveram‚
1461 1247 1498 1270 ut
1519 1240 1727 1273 enthusiasta
1750 1260 1786 1267 —
1811 1243 1870 1285 qui

184 1302 330 1340 dieitur,
356 1299 517 1332 scientiae
538 1309 655 1329 essem.
711 1296 838 1328 Parvus
860 1307 952 1327 meus
981 1298 1052 1338 jani
1075 1303 1257 1340 apparatus
1285 1296 1321 1327 in
1346 1296 1530 1328 anatomiae
1560 1307 1771 1339 comparatae
1793 1308 1868 1329 stu-

185 1354 244 1389 dio
266 1373 310 1379 —·
331 1363 369 1386 ut
389 1354 473 1385 mihi
498 1365 568 1385 non
586 1351 693 1384 solida
709 1350 818 1383 fulcra
837 1351 1025 1393 tribueret,
1052 1353 1222 1385 timebam.

228 1412 336 1444 Tristi
360 1412 462 1454 igitur
486 1410 573 1442 mihi
601 1417 636 1440 et
667 1407 810 1440 sollicito
844 1409 1056 1451 quaestiones
1082 1408 1289 1441 academicae
1314 1409 1448 1442 obviam
1475 1409 1625 1448 fiebant,
1661 1410 1750 1441 inter
1789 1423 1869 1455 quas

183 1470 241 1501 illa
262 1481 348 1513 quae
368 1469 411 1500 de
430 1466 686 1500 Batrachiorum
706 1464 872 1497 anatomia
890 1465 976 1506 agit,
997 1464 1099 1508 plane
1118 1476 1170 1496 me
1186 1463 1354 1496 trahebat.
1380 1464 1542 1508 Quamvis
1565 1463 1655 1496 euim
1674 1476 1764 1497 meas
1784 1468 1869 1499 vires

184 1537 343 1572 superare
369 1523 561 1565 videretur,
584 1532 696 1556 tantae
726 1531 838 1554 tamen
858 1521 1082 1563 jucunditatis
1106 1530 1140 1553 et
1159 1521 1312 1553 utilitatis
1332 1532 1401 1554 esse
1424 1520 1626 1558 videbatur,
1650 1531 1686 1554 ut
1717 1535 1755 1554 cx
1778 1523 1868 1555 illius

184 1583 384 1614 tractatione
406 1580 673 1612 amoenissimum
693 1579 778 1610 mihi
798 1579 904 1610 otium
929 1579 1108 1618 aestivum,
1133 1590 1202 1609 non
1227 1579 1392 1615 otiosum,
1414 1577 1605 1620 pollicerer.
1632 1577 1752 1611 Statim
1768 1579 1869 1622 igitur

186 1650 262 1670 cum
283 1636 443 1668 feriarum
465 1642 598 1676 tempus
628 1634 814 1676 coepisset,
841 1633 1283 1671 Swammerdammio‚
1308 1634 1507 1667 Cuvierio
1530 1642 1564 1666 et
1586 1634 1697 1666 Caro
1719 1637 1868 1668 munitus

183 1693 278 1736 (aliis
298 1692 390 1724 enim
407 1690 632 1735 scriptoribus
661 1690 863 1732 carebam),
888 1690 1096 1722 dissecandis
1122 1691 1212 1721 ranis
1235 1702 1373 1733 operam
1392 1689 1472 1722 dedi
1498 1698 1532 1721 et
1551 1689 1750 1724 husonibus.
1776 1694 1865 1724 Nul-

183 1750 233 1781 lus
259 1757 341 1781 tunc
370 1747 412 1779 de
433 1747 527 1779 vobis
549 1746 724 1778 offerenda
749 1747 1033 1779 commentatione
1063 1747 1262 1788 cogitabam.
1316 1745 1452 1778 Utilitas
1481 1745 1715 1778 tantummodo
1741 1748 1865 1794 volup-

182 1816 327 1851 tasque,
360 1817 378 1837 e
409 1802 589 1836 tractanda
614 1803 720 1835 hacce
742 1804 880 1835 materie
914 1803 999 1834 mihi
1028 1804 1280 1846 prossucturae‚
1304 1803 1415 1847 operis
1435 1813 1557 1844 scopus
1588 1812 1695 1834 erant.
1751 1806 1868 1848 Quum

183 1872 293 1895 autem
305 1886 315 1903 ‚
338 1870 376 1894 ut
390 1861 497 1897 soleo⁷
514 1859 678 1904 pleraque
695 1860 730 1891 in
750 1859 974 1904 pugillaribus
998 1861 1273 1903 conscripsissem
1285 1884 1294 1900 ,
1317 1867 1396 1904 post
1411 1858 1579 1902 feriasque
1595 1860 1701 1891 amico
1725 1862 1861 1905 praele-

183 1921 301 1961 gissem
314 1942 324 1958 ,
345 1936 388 1943 -
409 1918 467 1949 illo
490 1916 651 1948 suadente
671 1924 704 1949 et
727 1925 867 1958 urgente
888 1916 1027 1948 honoris
1050 1916 1238 1960 cupiditate
1251 1941 1261 1957 ‚
1287 1916 1462 1948 materiem
1478 1914 1619 1947 ulterius
1637 1927 1865 1962 prosequutus

183 1987 276 2015 sum,
299 1974 379 2007 alios
409 1973 575 2017 quosdam
600 1972 705 2004 libros
733 1972 896 2013 adhibui,
921 1973 1178 2017 conscripsique
1209 1972 1527 2005 commentationem
1549 1984 1650 2016 quam
1673 1973 1766 2006 vobis
1795 1976 1863 2016 jani

185 2032 227 2064 V.
242 2032 284 2063 V.
302 2031 342 2063 C.
361 2030 399 2063 C.
426 2040 599 2074 quaequae
617 2029 660 2060 sit
682 2029 799 2063 offero.
840 2029 927 2062 Satis
948 2031 1018 2071 jam
1034 2030 1190 2062 utilitatis
1208 2042 1249 2062 ex
1266 2029 1372 2062 hacce
1386 2029 1527 2061 materia
1551 2029 1635 2061 mihi
1664 2030 1864 2072 profluxisse

184 2087 352 2128 arbitror,
374 2086 562 2130 plurimum
577 2084 756 2130 voluptatis
770 2086 838 2119 scio
861 2102 898 2109 —
920 2086 1097 2132 superbiae
1119 2087 1261 2119 forsitan
1279 2085 1378 2119 titulo
1397 2098 1471 2119 mea
1485 2086 1653 2119 temeritas
1670 2087 1863 2130 insignien-v

184 2143 226 2176 da
245 2151 315 2176 est:
340 2142 398 2176 sed

454 2200 530 2232 Non
556 2201 623 2241 jam
650 2199 760 2244 prima
782 2208 863 2243 peto
885 2199 1106 2242 Mnestheus,
1138 2211 1249 2243 neque
1276 2199 1412 2234 vincere
1439 2208 1532 2233 certo

456 2256 617 2298 Quamvis
651 2258 700 2288 O!
727 2280 735 2289 .
761 2279 770 2289 .
796 2278 806 2290 .
829 2280 838 2290 .
864 2258 953 2299 (1).
1734 2300 1834 2333 COH

218 2370 276 2405 (1)
299 2369 370 2402 Vix-g.
389 2365 452 2392 Aen.
475 2367 532 2396 Lib.
552 2369 584 2396 V.

1090 2417 1120 2448 Α
1144 2427 1161 2448 2
