2080 2744
208 216 248 245 50
669 208 718 241 Ἡ,
807 210 847 242 L.
936 215 1056 242 vAN
1143 209 1442 258 AJLTENA

256 304 296 336 In
318 303 423 335 latere
443 299 715 343 uniuscujusque
741 299 887 332 testiculi
912 311 1011 331 renes
1034 306 1210 341 spectante
1232 299 1406 346 igiturque
1431 303 1621 347 posteriore
1636 325 1646 343 ‚
1670 302 1730 337 sex
1756 304 1809 337 vel
1830 313 1904 339 octo

215 373 290 393 vasa
312 357 504 391 deserentia
522 356 652 398 majora
679 364 885 397 occurrunt,
909 368 971 401 per
993 356 1089 398 paria
1113 356 1296 401 disposita,
1323 370 1469 401 quorum
1496 359 1663 404 quaedam
1684 360 1901 404 simplicissi-

216 430 270 450 ma
296 424 397 455 sunt,
431 414 495 446 alia
517 415 553 445 in
587 424 697 444 ramos
727 412 844 445 divisa.
889 413 1018 445 Haecce
1052 425 1127 444 vasa
1168 425 1302 456 sperma
1325 426 1342 446 e
1379 416 1542 447 testiculis
1579 416 1731 457 ducunt,
1768 419 1907 461 jamque

218 474 316 507 variis
338 483 498 516 gyrorum
526 469 723 510 ambagibus
749 478 905 501 contorta
925 470 1067 501 renibus
1089 469 1276 502 adhaerent
1299 479 1400 515 atque
1430 473 1525 513 juxta
1549 471 1687 505 illorum
1717 472 1821 506 latera
1843 486 1906 506 ex-

218 540 315 562 terna
345 526 616 563 descendentia,
648 526 684 556 in
718 525 879 558 vesiculas
908 525 1082 558 seminales
1109 526 1281 558 desinunt.
1337 527 1407 559 Hae
1435 529 1504 569 jam
1534 529 1696 561 vesiculae
1727 529 1903 562 seminales

217 587 307 618 sacci
348 594 427 617 sunt
467 581 731 624 longitudinales
768 579 821 613 vel
859 582 973 623 potius
999 582 1226 625 expansiones
1256 584 1534 616 membranaceae
1572 583 1720 618 laterum
1751 597 1905 618 vasorum

217 642 483 678 ammentum,
511 651 597 683 qnae
623 640 690 680 jam
721 639 790 679 jam
822 638 1100 675 contrahuntur,
1133 647 1235 681 atque
1263 639 1453 672 minoribus
1484 641 1654 684 aperturis
1683 640 1847 672 desinunt
1869 643 1906 673 in

219 699 354 737 cloaca,
386 697 445 729 ubi
475 695 639 741 papillam
672 694 827 727 dextram
863 701 897 725 et
929 694 1099 726 sinistram
1123 694 1293 730 formant,
1326 706 1412 738 quae
1431 706 1507 726 cum
1532 695 1622 726 virili
1643 708 1768 737 organo
1793 705 1904 729 testu-

219 757 326 795 dinis,
350 756 451 788 etiam
475 754 512 785 in
538 752 651 784 cloaca
678 743 777 784 obvio
803 759 904 794 atque
931 751 1065 783 maximi
1087 751 1288 790 voluminis,
1312 762 1467 792 magnam
1483 750 1609 783 habere
1630 750 1793 783 videntur
1817 765 1903 784 ana-

219 813 352 855 logiam.

260 871 344 903 Vasa
371 868 576 901 abducentia
610 876 681 898 non
714 872 846 896 tantum
877 864 997 897 semini
1025 863 1230 895 abducendo
1258 863 1474 899 inserviunt,
1508 864 1727 897 uretlxrarum
1762 877 1904 898 munere

218 927 316 959 etiam
337 926 538 967 funguntur.
565 923 673 955 Urina
692 922 783 953 enim
809 933 906 952 usum
928 922 988 952 hic
1007 920 1234 953 adventitium
1252 920 1382 960 habet3
1401 931 1537 962 sperma
1559 932 1636 952 cum
1655 922 1756 953 urina
1780 923 1905 955 misce—

219 990 295 1021 tur,
320 981 488 1025 urinaque
510 979 705 1012 vehiculum
729 981 793 1020 (ut
814 977 859 1008 ita
879 977 1014 1020 dicam)
1039 976 1175 1007 seminis
1199 976 1319 1006 haberi
1352 983 1475 1018 potest.
1528 975 1613 1007 Inde
1642 985 1675 1008 et
1704 979 1907 1023 explicanda

217 1037 405 1070 observatio
428 1037 671 1081 plerorumque
697 1033 997 1070 naturalista1·um;
1021 1033 1058 1064 in
1088 1032 1189 1064 urina
1216 1043 1375 1064 ranarum
1396 1031 1552 1074 inprimis
1574 1033 1611 1064 in
1638 1045 1742 1066 verno
1769 1043 1903 1078 tempo-

215 1107 252 1126 πο
272 1093 479 1127 invenienda
500 1105 570 1125 esse
595 1090 752 1124 animalia
771 1091 984 1134 spermatica.

1010 1206 1041 1247 g.
1087 1214 1118 1235 2.

676 1288 826 1330 Organa
851 1286 1104 1319 Generationis
1128 1297 1238 1318 rcmcze
1253 1288 1449 1329 femineae.

256 1407 395 1440 Femina
407 1400 684 1447 reproductionis
703 1410 828 1441 organa
843 1398 960 1431 offert:
979 1397 1048 1430 duo
1063 1400 1173 1430 ovaria
1186 1423 1194 1438 ‚
1217 1399 1254 1429 in
1271 1398 1434 1441 plurimos
1457 1409 1570 1430 saccos
1594 1399 1701 1431 divisa
1724 1400 1771 1442 (1)
1785 1424 1795 1440 ‚
1818 1401 1901 1432 duos

216 1465 392 1500 oviductus
417 1463 596 1504 (irompes
620 1455 965 1498 Gallo-francorum)
992 1463 1025 1486 et
1050 1464 1184 1486 uterum
1213 1454 1249 1484 in
1271 1453 1355 1485 duos
1381 1453 1477 1486 lobos
1506 1453 1653 1487 diffisum
1684 1456 1879 1488 maximum.

257 1521 383 1555 Ova1·ia
406 1519 478 1562 (de
503 1514 754 1561 appendicibus
779 1512 870 1544 ssavis
896 1511 954 1543 hic
983 1523 1051 1542 non
1083 1510 1297 1555 loquendum
1324 1518 1390 1549 est,
1418 1509 1545 1555 quippe
1570 1522 1654 1553 quae
1682 1511 1751 1552 jam
1776 1519 1905 1544 tracta-

219 1580 295 1621 tae)
319 1586 434 1609 saccos
454 1573 605 1606 offerunt
621 1570 897 1603 membranaceos
911 1592 920 1608 ‚
946 1580 1005 1600 ova
1021 1568 1255 1603 continentes,
1281 1579 1297 1598 e
1318 1566 1510 1610 peritonaei
1531 1565 1765 1609 duplicatione
1783 1566 1906 1599 oriun—

1847 1624 1908 1657 dos

217 1742 268 1759 nnn
282 1737 398 1764 magnam
419 1727 514 1753 habeat
531 1726 711 1752 auctoritatem
728 1723 759 1750 ad
772 1723 962 1750 constituendas
978 1722 1118 1748 anomalias
1138 1721 1178 1747 vel
1194 1719 1339 1754 analogias,
1356 1725 1442 1746 tamen
1458 1720 1502 1746 ille
1518 1720 1583 1745 mihi
1606 1728 1658 1745 esse
1681 1720 1781 1746 videtur
1793 1741 1801 1755 ,
1818 1723 1861 1755 qui
1880 1724 1906 1747 in

219 1788 321 1807 censum
337 1777 422 1802 vocari
443 1775 524 1809 possit
540 1780 566 1799 et
586 1772 715 1805 analogias
741 1772 763 1797 si
780 1772 944 1805 caeteroquin
965 1771 1073 1796 existere
1095 1770 1247 1802 videantur,
1263 1769 1386 1794 certiores
1412 1768 1517 1794 reddere
1544 1769 1633 1802 possit.
1670 1768 1747 1794 Color
1761 1769 1812 1802 jam
1833 1770 1909 1803 glan-

180 1855 183 1856 γ
220 1828 337 1855 (hilarum
354 1825 400 1851 sub
418 1822 483 1849 collo
502 1822 643 1855 positarum
655 1840 662 1854 ‚
680 1828 737 1845 cum
755 1818 801 1844 illo
817 1819 984 1852 appendicum
1006 1819 1127 1844 ssavarum
1153 1818 1221 1843 idem
1249 1822 1302 1849 θεὶς
1320 1822 1428 1850 utraque
1451 1816 1519 1841 enim
1543 1824 1637 1849 organa
1659 1825 1764 1842 aureum
1780 1817 1908 1850 pulcerri-

222 1884 292 1901 mum
311 1873 433 1900 emittunt
447 1868 627 1903 splendorem.
646 1867 708 1893 satis
725 1868 917 1893 convenientem
933 1876 989 1892 cum
1009 1865 1053 1891 illo
1073 1874 1147 1898 quem
1171 1864 1244 1898 Belgi
1259 1866 1398 1899 gebronsd
1419 1872 1508 1888 vocare
1529 1863 1621 1890 solent.

256 1923 323 1948 Usus
344 1929 402 1946 vero
423 1916 599 1952 glandularum
619 1915 679 1941 colli
695 1915 794 1941 videtur
818 1923 870 1940 esse
897 1914 1005 1940 nutritio
1025 1913 1155 1947 corporis,
1173 1913 1199 1938 in
1222 1911 1348 1945 lethargia
1376 1910 1489 1944 hyemali
1508 1910 1636 1944 igiturque
1655 1910 1806 1945 appendices
1832 1912 1907 1937 flavae

222 1972 312 1998 huicce
330 1968 387 1994 usui
407 1966 484 1992 etiam
503 1969 605 1998 possent
621 1954 764 1989 inse'rvire?

258 2017 331 2044 Conf.
342 2013 504 2041 Vermischte
523 2011 652 2037 Schriften
663 2009 861 2036 Anammiseben
870 2010 920 2035 und
932 2007 1159 2043 Physiologisc'hen
1171 2006 1270 2032 Inhalts
1285 2015 1333 2031 von
1348 2006 1385 2033 G.
1397 2005 1428 2031 R.
1438 2006 1489 2032 und
1501 2007 1530 2032 L.
1542 2006 1568 2033 C,
1579 2006 1620 2032 Tr
1629 2016 1662 2032 ev
1671 2006 1679 2032 i
1689 2016 1701 2032 r
1711 2016 1724 2032 a
1734 2016 1749 2032 n
1758 2016 1792 2033 us
1811 2014 1873 2034 mm,
1885 2009 1908 2033 1,

225 2074 280 2100 pag,
293 2066 324 2098 953
338 2085 344 2096 ‚
363 2062 407 2096 qui
428 2061 496 2086 locus
514 2059 613 2092 longior
628 2059 671 2092 qui
694 2058 734 2083 hic
752 2057 983 2091 trans-scribatur,
999 2056 1085 2091 pulcre
1107 2061 1221 2080 nostram
1240 2055 1442 2080 observationem
1457 2055 1604 2087 confirmat,
1625 2054 1668 2080 sed
1684 2055 1795 2081 colorem
1817 2056 1908 2082 ssavum

225 2110 402 2139 tantummodo
426 2109 530 2141 attingit
555 2113 580 2132 ct
600 2116 649 2131 nnn
672 2107 724 2139 ejus
743 2105 958 2130 modificationem
984 2105 1010 2130 in
1036 2113 1140 2130 aureum
1166 2102 1336 2136 splendorem.
1373 2101 1444 2132 Quae
1464 2107 1548 2127 tamen
1571 2102 1663 2128 coloris
1688 2103 1843 2128 modificatio
1865 2104 1905 2128 hic

226 2160 320 2188 summi
342 2157 407 2183 mihi
430 2155 531 2180 videtur
547 2155 679 2180 momenti:
704 2164 731 2179 ex
755 2152 799 2177 illo
818 2153 886 2177 euim
909 2152 1019 2185 intelligi
1043 2157 1142 2185 potest,
1161 2156 1237 2176 testes
1263 2150 1294 2174 ab
1317 2149 1499 2182 appendicibus
1524 2150 1594 2175 ssavis
1617 2150 1721 2175 omnino
1739 2150 1837 2176 diversa
1855 2158 1907 2175 esse

227 2216 348 2242 corpora,
368 2214 411 2229 uec
428 2203 455 2228 in
476 2211 554 2227 unum
575 2202 732 2234 eundemque
751 2209 822 2225 usum
845 2199 929 2234 (quod
949 2200 1055 2233 plurimi
1072 2197 1229 2231 voluerunt)
1247 2197 1457 2231 generationem,
1475 2198 1588 2232 servire5
1606 2211 1640 2219 -
1656 2198 1699 2224 sed
1719 2198 1818 2230 utrique
1837 2200 1909 2222 usum

225 2255 382 2287 adscriptum
402 2260 454 2277 esse
467 2249 665 2277 ¹individualem.

261 2302 316 2338 (ι)
344 2301 382 2325 An
400 2300 489 2324 haecce
511 2297 657 2323 differentia
679 2297 757 2322 aetati
782 2297 817 2322 sit
838 2296 1020 2331 adscribenda,
1040 2297 1136 2322 nescio.
1172 2295 1298 2320 Numerus
1321 2303 1420 2327 semper
1438 2294 1505 2321 mihi
1525 2293 1706 2321 observabatur
1725 2292 1755 2318 ad
1777 2298 1912 2331 utrumque

225 2354 309 2385 latus,
328 2350 394 2375 inter
410 2346 521 2381 quinque
540 2350 566 2372 et
581 2345 683 2378 decem,
703 2345 738 2370 ita
754 2351 782 2371 ut
800 2350 869 2371 totus
888 2354 1007 2371 uumerus
1032 2351 1098 2370 essct
1113 2345 1180 2370 inter
1195 2342 1282 2368 decem
1302 2348 1327 2368 et
1342 2341 1444 2376 viginti.⁴
