2080 2744
193 236 233 270 53
584 223 634 258 H.
716 222 758 257 L.
845 227 968 256 vix
1054 220 1485 263 ALTENA.

198 332 300 371 parte
324 321 492 356 anteriore
515 316 596 351 ossis
617 314 718 349 isehii
737 321 772 347 et
790 312 891 358 pubis
918 311 1125 349 annectitur.
1171 313 1342 350 oriuntur
1365 328 1385 350 a
1406 315 1499 351 linea
1521 315 1643 360 aspera
1665 317 1746 350 ossis
1771 317 1882 354 femo-

200 383 267 419 ris,
291 380 351 412 ubi
377 387 492 411 omnes
511 385 619 407 unum
639 373 710 405 fere
737 370 953 415 eandemque
974 369 1142 413 parietem
1163 380 1341 406 carnosum.
1360 372 1508 406 formare
1528 371 1704 407 videntur.

244 438 296 470 M.
316 433 536 479 Pyriformz's
559 431 674 464 statim
690 429 786 462 venit.
806 426 848 459 ab
868 426 1082 460 extremitate
1105 426 1294 470 posteriore
1317 428 1399 464 ossis
1425 429 1580 474 coccygis
1603 429 1724 474 (sacri)
1748 432 1889 467 tertiae·-

203 506 268 537 que
292 492 363 523 fere
386 501 552 536 supernae
576 487 667 531 parti
690 486 770 518 ossis
792 485 929 519 femoris
954 483 1164 517 annectitur.

246 549 299 581 ῚῙ
328 547 528 580 Οόίιινιιιον
550 551 719 577 externus
740 554 760 574 a
782 541 958 586 symphysi
985 541 1068 574 ossis
1097 539 1198 573 ischii
1223 548 1258 574 et
1282 540 1387 585 pubis
1413 543 1641 588 proveniens,
1673 543 1774 577 fibris
1803 556 1883 579 car-

206 606 279 638 neis
304 604 498 637 annectitur
523 599 680 644 capsulae
705 597 846 644 capituli
869 597 1020 631 femoris.

246 663 299 694 M.
328 661 551 702 Quadratus
596 659 732 699 Longus
752 664 822 696 est·
851 668 870 687 a
892 655 1068 700 symphysi
1093 653 1281 698 posteriore
1305 654 1407 687 ischii
1425 663 1461 689 et
1482 656 1586 698 pubis
1612 657 1710 690 venit
1730 665 1766 692 et
1787 657 1887 691 lateri

212 719 352 750 interno
372 717 453 750 ossis
473 714 610 748 semoris
631 714 814 750 inseritur,
837 712 874 744 in
896 720 994 755 parte
1017 711 1118 744 tertia
1137 710 1326 756 superiore

247 774 382 811 Psoczs,
410 773 597 805 obtat-ator
619 772 806 808 internus,
830 769 976 813 gemelli
993 769 1149 802 minores
1163 775 1198 802 et
1219 769 1498 811 aponeuroticus
1520 767 1657 803 desunt·

1029 881 1069 913 B.

476 968 668 1001 Musculi
699 979 796 1001 ossa
826 965 971 1000 cruris
1001 963 1050 996 ad
1083 975 1127 995 os
1161 962 1342 995 femoris
1374 972 1614 996 moventes.

247 1083 300 1114 M.
324 1081 463 1116 Vastus
486 1086 655 1111 externus
674 1085 711 1111 et
730 1089 906 1110 cruraeus
928 1075 1052 1108 adsunt
1068 1100 1077 1112 ,
1102 1086 1278 1120 unumque
1304 1085 1429 1119 corpus
1450 1074 1612 1107 formant.
1660 1075 1799 1110 Vastus
1826 1077 1888 1109 in-

206 1147 329 1172 ternus
353 1148 434 1170 vero
459 1130 573 1168 deest.
609 1135 661 1166 Ita
685 1142 723 1167 ut
746 1135 881 1177 triceps
896 1133 1055 1177 femoris·
1077 1131 1200 1165 duobis
1224 1130 1461 1164 tantummodo
1485 1131 1647 1164 musquis
1670 1132 1887 1174 conglutina-

204 1197 245 1227 tis
272 1201 415 1227 constet.
461 1192 532 1224 Sub
561 1191 782 1223 trochamere
806 1191 841 1222 in
863 1191 1052 1234 posteriore
1080 1190 1168 1221 facie
1197 1189 1417 1225 annectitur,
1448 1189 1615 1232 juxtaque
1633 1188 1767 1222 lineam*
1785 1199 1892 1232 aspe-,

202 1264 274 1285 ram
296 1250 462 1290 tendens,
483 1247 574 1280 infra
589 1246 673 1279 duas
697 1248 812 1279 tertias
832 1255 947 1288 partes
968 1246 1049 1278 ossis
1066 1246 1204 1278 femoris
1227 1245 1367 1277 initium.
1387 1243 1496 1277 ducit.

245 1309 297 1341 M.
328 1298 518 1339 Sartorizis
542 1303 656 1336 statim
673 1303 710 1334 in
733 1301 905 1333 anteriore
921 1299 1057 1332 femoris
1080 1306 1179 1343 parte
1199 1298 1396 1334 invenitur,
1419 1306 1455 1330 et
1475 1298 1519 1331 ad
1533 1310 1623 1340 genu
1644 1312 1756 1344 usque
1769 1325 1781 1338 ,
1801 1312 1886 1334 rec-

203 1368 236 1397 ta
263 1365 316 1397 via
337 1361 525 1407 procurrit.
568 1359 754 1398 Inseritur,
773 1357 944 1398 mediante
972 1355 1140 1393 tendine,
1168 1355 1261 1399 parti
1293 1354 1451 1387 inferiori
1472 1355 1590 1400 spinae
1616 1357 1780 1390 anteriori
1805 1358 1890 1394 ossis

201 1420 302 1452 ischii
324 1427 358 1451 et
383 1419 511 1462 pubis;
537 1416 673 1448 initium
696 1415 824 1446 ducens
850 1427 869 1445 a
892 1412 1033 1445 tendine
1057 1424 1145 1454 genu
1171 1412 1353 1443 ambiente.

243 1476 297 1508 M.
324 1475 457 1517 Bia-eps
482 1474 638 1506 crzcrczlis
655 1483 761 1503 unum
782 1478 914 1502 tantum
935 1476 1091 1502 ventrem
1109 1467 1225 1500 habet.
1269 1467 1300 1500 A
1321 1473 1417 1510 parte
1436 1467 1624 1509 posteriore
1648 1468 1812 1502 interiore
1831 1469 1883 1501 ilii

200 1531 360 1576 provenit
384 1530 427 1561 ad
449 1531 664 1573 amicamque
690 1527 792 1559 tibiae
819 1533 954 1569 partem
977 1524 1169 1557 descendit.

246 1589 298 1621 M.
339 1587 616 1619 Semineroosus.
672 1582 811 1616 Duobus
843 1580 1018 1614 ventribus
1052 1588 1185 1614 constat
1222 1589 1368 1623 quorum
1388 1590 1489 1611 ⁴unus
1520 1579 1682 1612 adhaeret
1712 1582 1887 1625 symphysi

202 1644 324 1688 pubis,
351 1642 436 1674 alter
458 1639 632 1685 symphysi
653 1638 763 1670 ischii.
807 1640 849 1670 In
877 1637 1053 1669 tendinem
1081 1635 1242 1677 gracilem
1265 1636 1380 1667 exiens
1408 1635 1444 1665 in
1472 1634 1578 1666 latere
1610 1635 1748 1668 interno
1775 1649 1885 1679 genu,

204 1708 299 1733 retro
329 1697 506 1731 tendinem
536 1696 691 1728 musculi
718 1694 873 1738 gracilis
906 1689 1107 1729 descendit,
1142 1691 1202 1723 ubi
1232 1690 1332 1723 latior
1360 1688 1491 1726 evadit,
1518 1689 1725 1733 tandemque
1754 1705 1887 1728 annec-

206 1759 290 1789 titur
312 1755 403 1786 infra
425 1753 525 1785 tuber
548 1752 661 1786 tibiae.

248 1814 300 1845 M.
333 1809 696 1843 Semimembrazzosus
714 1806 808 1840 utin
823 1806 960 1838 homine
980 1804 1142 1837 formatus
1166 1811 1228 1836 est.
1281 1803 1486 1836 Extremitas
1511 1802 1666 1846 superior
1695 1805 1889 1838 annectitur

211 1868 322 1901 tuberi
342 1867 422 1899 ossis
446 1865 544 1897 ischii
566 1873 599 1897 et
616 1865 730 1908 pubis.
774 1862 923 1895 Inferior
943 1870 1053 1894 autem
1074 1861 1267 1894 extremitas
1291 1860 1384 1903 parti
1398 1859 1581 1903 posteriori
1604 1859 1734 1894 tuberis
1756 1861 1886 1898 interni

204 1913 291 1959 'ossis
315 1924 416 1956 tibiae
435 1931 469 1954 et
488 1921 616 1954 fibulae
643 1920 807 1963 jungitur.
1792 1912 1795 1916 ’

253 1984 303 2017 Μ,
329 1984 469 2015 Rectus
489 1981 673 2019 anterior,
697 1984 826 2012 vastus
846 1976 1011 2011 internus
1029 1984 1063 2009 et
1078 1976 1288 2020 poplitaeus
1312 1973 1451 2017 desunt.

1001 2091 1073 2123 'C-

618 2175 809 2210 Musculi
842 2182 1009 2209 tarsum
1047 2174 1098 2209 ad
1129 2185 1228 2208 crus
1259 2178 1496 2206 moventes.

257 2294 310 2326 M.
340 2290 491 2324 Tibialis
519 2290 692 2321 anteri-or.
736 2289 768 2321 A
790 2297 888 2335 parte
923 2288 1086 2321 inferiore
1111 2283 1247 2320 femoris
1279 2296 1299 2317 e
1327 2283 1519 2317 firmissimo
1551 2281 1695 2317 tendine'
1712 2280 1890 2325 provenit,

217 2350 255 2382 in
281 2347 394 2383 medio
416 2346 517 2379 tibiae
542 2346 577 2378 in
605 2345 689 2378 duos
711 2353 848 2379 ventres
878 2344 1066 2383 dividitur,
1101 2340 1253 2388 quorum¹
1279 2350 1367 2379 unus
1399 2341 1555 2376 internus
1580 2337 1741 2374 ‘tendinisv
1759 2347 1827 2381 ope
1851 2336 1894 2368 ad

1826 2392 1894 2423 ha-
