2080 2744
229 229 270 259 43
640 224 684 256 H.
771 224 810 255 L.
897 229 1018 255 VAN
1107 223 1510 259 ALTENA*

238 335 433 375 Antequam
466 339 545 361 vero
575 327 824 370 hemisphaeria
848 326 883 357 in
920 326 1083 359 thalamos
1118 328 1370 368 extenduntur,
1404 329 1473 362 duo
1504 330 1633 372 ganglia
1660 330 1807 362 formant
1839 333 1911 364 mis

236 401 318 420 nora
341 387 439 429 grisei
468 385 588 417 coloris
603 410 612 423 ‚
639 396 725 428 quae
752 395 858 415 unum
886 382 994 416 <luove
1015 383 1074 415 fila
1093 395 1234 417 nervosa
1254 385 1485 425 distribuunt,
1509 386 1690 418 formando
1714 399 1818 420 nervo
1841 400 1907 431 op-

236 446 314 477 tico.

279 499 494 532 Cerebellum
518 498 692 529 minimum
717 504 785 536 est,
810 496 923 528 statim
950 496 992 528 ad
1013 496 1176 540 posticam
1199 496 1421 529 thalamorum
1439 505 1571 539 partem
1591 497 1724 530 obviam
1745 499 1808 531 fit:
1833 499 1908 532 for-

236 568 324 588 mam
348 555 452 587 habet
477 553 629 586 fasciolae
650 552 785 594 ‚gracilis
800 576 812 591 ‚
836 553 968 584 vasibus
986 553 1115 593 egregie
1133 553 1325 584 distinctae.

279 610 432 643 Medulla
458 609 636 650 oblongata
662 607 740 638 satis
763 606 862 648 longa
882 615 943 639 est.
988 607 1158 647 Margines
1181 609 1253 648 ejus
1278 608 1471 653 complicati
1494 617 1594 647 sunt,
1617 609 1662 640 ita
1682 617 1718 640 ut
1735 609 1911 642 canalicu-

235 668 304 699 lam
326 667 394 698 fere
416 666 620 704 exhibeant3
644 674 791 707 superne
815 671 903 694 tecta
923 670 972 693 est
993 661 1151 699 fasciola,
1174 661 1272 701 valde
1296 663 1487 702 maculosa,
1509 665 1557 695 ita
1581 672 1619 695 ut
1643 665 1785 696 rubram
1804 678 1906 698 -eam-

240 735 307 765 que
327 721 607 762 elegantissimam
633 719 790 751 exhibeat
809 718 1037 763 superficiem.

281 777 435 810 Medulla
459 776 608 809 racliidis
632 777 700 817 jam
724 775 835 807 tendit
857 787 962 819 usque
987 774 1029 806 ad
1047 777 1217 817 posticam
1244 775 1479 808 vertebrarum
1506 783 1638 818 partem
1662 774 1855 819 desinitque
1872 787 1912 809 ιιι

240 833 377 876 regione
399 832 641 864 articulationis
665 832 744 864 ossis
768 832 931 874 coccygis.
960 833 1298 875 Antequameumque
1320 833 1561 874 expansionem
1580 839 1820 872 transversam,
1847 840 1914 865 tam

240 890 455 921 dextrorsum
491 899 593 930 quam
628 887 859 919 sinistrorsum
886 886 1055 918 effluvium
1087 887 1263 930 quoddam
1286 895 1359 925 est,
1383 887 1590 917 substantiae
1615 886 1784 919 calcareae
1806 887 1913 920 albis-—

239 945 315 977 simi
336 943 455 976 coloris
469 967 478 982 ‚
500 955 585 986 quae
604 943 704 974 etiam
725 943 760 973 in
778 943 892 974 cranio
909 950 942 974 et
966 942 1105 985 quidem
1123 955 1214 986 pone
1235 942 1448 974 selerotieam
1470 941 1559 973 oculi
1582 941 1742 975 distincta
1760 953 1914 988 apparet.

240 1001 345 1034 Color
372 1012 452 1032 vero
476 998 642 1030 medullae
663 997 812 1029 rachidis
833 1007 970 1029 externe
993 999 1118 1038 griseus
1139 1006 1189 1029 est
1209 1000 1415 1040 interneque
1439 996 1546 1028 albus.

284 1058 495 1097 Tegumenta
516 1054 651 1085 cerebri
674 1062 772 1085 sunt:
799 1055 855 1097 pia
878 1062 986 1085 mater
1007 1063 1040 1086 et
1069 1053 1154 1085 dura
1180 1062 1298 1086 mater.
1343 1054 1401 1084 Pia
1424 1062 1532 1085 mater
1553 1053 1750 1086 membrana
1775 1063 1825 1087 est
1847 1068 1914 1100 ap—

239 1113 348 1158 prime
380 1109 571 1145 vasculosa,
613 1121 699 1152 quae
731 1109 767 1139 in
793 1109 950 1150 regione,
987 1110 1045 1141 ubi
1074 1110 1210 1141 thalami
1239 1121 1422 1141 nervorum
1452 1110 1644 1154 opticorum
1676 1121 1913 1152 concurrunt,

239 1179 444 1199 concursum
465 1164 637 1208 quendam
660 1175 815 1196 vasorum
836 1165 1097 1205 sanguineorum
1128 1167 1315 1198 introrsum
1345 1165 1499 1197 dimittit.
1544 1166 1585 1197 In
1609 1168 1767 1210 suprema
1788 1179 1913 1211 super—

236 1222 317 1254 ficie
343 1220 478 1252 cerebri
509 1230 639 1256 venae,
671 1219 707 1249 in
741 1219 813 1249 basi
845 1220 987 1252 arteriae
1009 1220 1171 1262 plurimae
1200 1228 1291 1251 sunt.
1339 1221 1431 1252 Dura
1461 1229 1568 1252 mater
1593 1222 1736 1255 fibrosae
1760 1232 1808 1256 est
1828 1223 1914 1255 sub-

240 1278 380 1310 stantiae
396 1301 405 1314 ,
432 1276 658 1319 inprimisque
684 1273 726 1304 ad
757 1274 1081 1318 hemisphaeriorum
1110 1276 1215 1304 latera
1242 1276 1457 1305 dextrorsum
1481 1284 1515 1306 et
1540 1277 1771 1310 sinistrorsum
1794 1279 1916 1311 obser-

237 1334 308 1367 vari
331 1340 456 1376 potest.

281 1390 322 1421 In
340 1388 437 1432 spina
456 1387 512 1430 pia
534 1395 640 1418 mater
656 1386 740 1418 mihi
762 1387 896 1418 tenuior
922 1395 956 1420 et
976 1388 1078 1430 magis
1100 1387 1256 1420 cellulosa
1276 1389 1344 1421 visa
1367 1398 1418 1420 est
1455 1401 1557 1432 quam
1578 1390 1615 1420 in
1644 1391 1794 1422 cerebro.
1840 1391 1918 1429 Du-⁴

238 1459 313 1480 ram
334 1454 477 1477 matrem
495 1456 585 1485 non,
609 1444 674 1476 nisi
695 1456 758 1487 per
775 1444 950 1478 intervalla
972 1446 1021 1477 ibi
1043 1446 1221 1477 observare
1249 1443 1337 1476 valui
1362 1443 1438 1486 (ι),

1027 1562 1059 1600 §·
1104 1572 1133 1602 7·

958 1642 1085 1674 Nervi.
1120 1643 1163 1684 (2
1178 1644 1203 1684 ).

283 1758 397 1791 Nervi
420 1754 602 1797 olsactorii
632 1752 734 1795 primi
760 1760 839 1784 sunt
867 1754 983 1795 nervi,
1024 1753 1083 1796 qui
1111 1754 1149 1784 in
1182 1751 1291 1796 capite
1317 1759 1513 1796 appareant.
1576 1752 1627 1783 Ex
1656 1751 1912 1796 hemisphaeriis

238 1814 496 1859 proveniente5‚
521 1811 614 1855 prius
634 1810 906 1850 conjunguntur,
933 1808 1057 1840 exinde
1083 1822 1100 1840 a
1119 1821 1153 1840 se
1174 1808 1319 1840 invicem
1339 1807 1506 1839 recedunt
1521 1831 1530 1847 ‚
1551 1807 1716 1839 foramina
1742 1809 1809 1841 duo
1835 1811 1915 1843 ossis

240 1869 427 1903 ethmoidei
449 1874 626 1899 transeunt
642 1889 651 1905 ‚
681 1874 714 1896 et
741 1866 776 1896 iu
807 1865 1003 1897 membrana
1033 1865 1207 1908 pituitaria
1231 1865 1300 1896 leni
1319 1864 1523 1896 detrimento
1545 1863 1760 1897 dividuntur.
1807 1867 1911 1899 Cavi-

239 1934 326 1958 -tates
357 1923 483 1956 nasales
514 1928 745 1957 transeuntes,
783 1922 896 1952 statim
924 1922 986 1952 sub
1014 1922 1175 1963 apertura
1210 1921 1350 1952 externa
1384 1920 1516 1951 narium
1551 1920 1751 1952 dividuntur
1780 1923 1816 1954 in
1845 1923 1914 1956 duo

242 1981 403 2021 brachia,
428 1991 572 2023 quorum
593 1977 774 2008 maximum
790 1977 879 2009 inter
894 1977 1045 2009 maxillae
1063 1990 1097 2009 os
1117 1978 1224 2018 majus
1247 1985 1281 2008 et
1299 1988 1333 2008 os
1356 1976 1618 2008 intermaxillare
1638 1978 1817 2019 inseritur,
1840 1980 1911 2011 mi-

244 2039 376 2070 nimum
396 2036 458 2067 ossi
483 2033 739 2066 intermaxillari
762 2034 933 2066 adhaeret.
979 2033 1074 2066 Alius
1105 2045 1215 2064 ramus
1245 2032 1421 2065 movendis
1449 2033 1583 2065 narium
1607 2034 1773 2078 aperturis
1794 2042 1911 2066 exter-

244 2095 296 2127 nis
319 2093 484 2128 inservit,
508 2090 763 2132 cartilaginique
787 2089 929 2131 hujusce
952 2098 1130 2136 aperturae
1153 2089 1285 2122 adfixus
1311 2097 1372 2121 est.

1815 2146 1859 2178 N
1856 2157 1917 2178 er·-

277 2243 330 2277 (1)
356 2242 464 2267 Ratione
488 2240 578 2265 hahita
602 2244 745 2265 ceterarum
767 2239 881 2274 corporis
904 2240 1033 2273 partium,
1054 2238 1186 2265 cerebrum
1208 2238 1274 2263 mihi
1300 2238 1326 2262 in
1346 2236 1491 2270 junioribus
1512 2237 1650 2265 individuis
1668 2237 1748 2271 majus
1765 2235 1846 2263 visum
1859 2241 1913 2264 est.

245 2297 319 2323 quam
342 2289 367 2312 in
390 2287 492 2312 adultis.

279 2333 334 2370 (2)
359 2334 397 2360 Ad
413 2334 522 2367 plurima
538 2335 660 2368 septimae
681 2333 785 2368 hujusce
805 2337 836 2370 §‚
857 2334 924 2363 cons.
948 2335 1071 2362 Cuvier
1092 2335 1154 2367 ἰῆς.
1173 2333 1278 2363 dunat.
1299 2333 1387 2367 Comp·
1413 2333 1442 2360 T.
1456 2332 1492 2360 11.
