2080 2744
430 205 786 244 COMMENTATIO
808 209 858 238 AD
881 202 1225 248 QUAESTIONEM
1251 203 1576 238 ZOOLOGtCAxI.
1807 208 1851 250 59

570 469 834 506 SYSTEMA
880 467 1323 501 GENERAT'IONIS
1357 468 1439 510 (1).

399 578 565 603 RANAE
604 575 920 601 ESCULE-NTAE
957 574 1211 599 MAchLAE
1244 575 1303 599 ET
1339 574 1612 597 FEMINEAE·

162 695 274 748 Nihil
299 714 365 756 jam
390 708 637 741 descibendum
662 719 835 751 superesse
855 706 954 738 nobis
979 705 1136 743 videtur,
1161 705 1226 737 nisi
1250 704 1528 749 reproductionis
1556 707 1763 749 organismus
1779 731 1787 747 ‚
1812 708 1847 739 iu

169 769 357 806 Batrachiis
378 766 456 799 satis
482 764 705 808 inperfectus.
752 764 866 795 Mares
892 762 984 794 enim
1019 762 1112 804 virga
1148 769 1227 794 sunt
1257 761 1438 799 destituti,
1473 763 1643 807 igiturque
1679 764 1850 807 copulatio

164 829 222 860 illa
246 827 401 863 interna,
428 833 512 866 quae
544 821 580 853 in
605 819 862 862 mammalibus,
887 818 1002 853 avibus
1033 827 1067 851 et
1095 817 1300 863 quibusdam
1324 819 1507 862 reptilibus
1537 820 1756 862 observatur,
1788 821 1849 852 hic

162 885 275 917 Iocum
298 892 368 913 non
391 879 508 910 habet.
894 867 898 871 .

952 992 984 1033 g.
1032 1001 1060 1022 1.

610 1076 761 1119 Organa
796 1075 1045 1119 generationis
1078 1085 1188 1106 ranae
1220 1074 1413 1107 masculae.

206 1196 345 1234 Organa
379 1187 535 1232 genitalia
565 1199 668 1221 ranae
700 1189 867 1221 masculae
891 1196 993 1221 sunt:
1017 1187 1187 1225 testiculi,
1217 1198 1294 1219 vasa
1320 1186 1527 1219 abducentia
1551 1195 1585 1219 et
1605 1188 1768 1222 vesiculae
1792 1201 1850 1222 se·

160 1249 316 1285 minales.

209 1302 375 1339 Testiculi
413 1308 553 1333 externe
589 1298 815 1330 substantiam
847 1297 994 1330 offerunt
1027 1296 1267 1339 albugincam,
1299 1296 1417 1329 saltem
1458 1306 1638 1332 externum
1668 1309 1850 1344 tegumen-

166 1373 242 1397 tum
265 1369 388 1398 tenue,
415 1356 641 1388 translucens.
693 1354 928 1398 Parenchyma
950 1362 1001 1386 est
1028 1353 1161 1398 liquore
1188 1353 1357 1399 repletum
1386 1362 1487 1398 atque
1514 1356 1725 1390 animalculis
1747 1370 1851 1403 sper-

164 1415 297 1453 maticis
329 1421 436 1447 scatet
468 1413 554 1454 (2).
607 1412 748 1443 Interne
771 1419 929 1442 constant
949 1411 1096 1443 testiculi
1126 1412 1299 1445 canalibus
1324 1411 1514 1444 minoribus
1533 1415 1736 1446 coacervatis
1762 1428 1847 1459 quae

163 1477 201 1508 in
222 1480 378 1506 centrum
402 1477 536 1501 coeunt.
582 1468 703 1499 Forma
736 1478 805 1499 non
837 1479 971 1510 semper
1001 1468 1119 1500 eadem
1147 1478 1208 1502 est.
1255 1469 1443 1513 Sphaeram
1465 1478 1523 1502 aut
1547 1470 1754 1514 sphaeroida
1783 1473 1849 1504 ali-

164 1530 306 1575 quando
344 1525 531 1558 ostendunt
547 1548 557 1565 ,
581 1536 832 1567 nonnunquam
868 1524 1104 1557 semilunarem
1131 1525 1274 1558 formam
1296 1534 1353 1557 aut
1383 1526 1492 1559 savam
1517 1527 1743 1560 mentiantur.
1778 1530 1848 1562 Co-

162 1588 216 1620 101·
236 1593 287 1618 est
309 1584 426 1615 flavus.
479 1583 565 1614 Vasa
589 1582 771 1621 sanguinea
795 1580 1001 1623 pulcerrime
1022 1582 1172 1614 tunicam
1204 1593 1290 1625 quae
1319 1582 1491 1613 testiculos
1522 1584 1769 1622 circumvestit,
1810 1587 1851 1628 (e

163 1640 352 1690 peritonaei
370 1637 602 1680 duplicatione
626 1636 804 1668 oriundam
821 1661 831 1673 ‚
861 1638 1035 1680 nigrisque
1059 1638 1261 1679 variegatam
1290 1638 1457 1681 maculis)
1483 1638 1707 1681 distinguunt.
1755 1643 1847 1675 Uni-

166 1701 293 1742 cuique
320 1693 475 1728 testiculo
507 1705 641 1738 semper
666 1692 856 1725 adhaerent
883 1693 1093 1736 appendices
1122 1694 1245 1732 flavae,
1271 1707 1357 1735 quae
1389 1695 1441 1729 vel
1471 1696 1642 1740 simplices
1670 1706 1771 1738 sunt,
1795 1701 1848 1733 vel

163 1755 340 1800 duplices,
361 1750 415 1784 vel‘
434 1749 652 1793 multiplices.
698 1750 884 1782 Numerum
907 1749 1108 1791 fasciarum,
1142 1763 1227 1794 quae
1250 1752 1350 1784 hasce
1374 1752 1584 1797 appendices
1612 1754 1849 1798 constituunt,

164 1824 236 1846 non
255 1810 345 1843 ultra
372 1808 491 1840 decem
516 1806 786 1839 adscendentem
811 1807 937 1838 inveni.
982 1807 1238 1852 Non-nunquam
1261 1809 1307 1840 ita
1331 1809 1501 1842 volumine
1522 1808 1790 1851 distenduntur,
1814 1821 1851 1844 ut

165 1867 345 1901 dimidiam
367 1865 436 1896 fere
466 1863 684 1906 superficiem
706 1864 975 1907 uniuscujusque
998 1864 1143 1896 testiculi
1162 1874 1275 1908 tegant
1294 1875 1328 1897 et
1348 1865 1572 1898 circumdent.
1623 1868 1701 1909 Quo
1729 1869 1846 1909 junio-

163 1937 202 1958 ra
233 1930 312 1955 sunt
339 1919 540 1958 individua,
575 1932 615 1952 eo
644 1921 789 1961 majores
825 1920 980 1962 (ratione
1014 1921 1131 1953 habita
1162 1932 1369 1955 caeterarum
1396 1923 1549 1967 corporis
1572 1924 1748 1967 partium)
1772 1934 1852 1958 sunt

166 1978 374 2026 appendices
403 1975 501 2008 illae:
531 1975 578 2007 ita
601 1984 642 2007 ut
667 1977 703 2007 in
733 1977 860 2020 gyrinis
885 1978 1046 2010 maximae
1078 1979 1157 2011 sint.
1203 1980 1355 2012 Aureum
1377 1978 1549 2024 quendam
1573 1979 1736 2021 fulgorem
1759 1993 1847 2014 ocu-

164 2037 205 2069 lis
227 2033 432 2069 ostendunt,
458 2043 561 2076 quem
582 2032 729 2065 testiculi
752 2045 820 2066 uon
847 2033 996 2075 habent,
1023 2046 1127 2079 quem
1150 2047 1228 2069 vero
1248 2036 1396 2069 invenias
1424 2036 1458 2067 in
1483 2035 1649 2077 glandulis
1675 2036 1846 2081 adiposis,

163 2093 226 2125 sub
250 2090 337 2124 collo
359 2088 477 2134 positis
500 2089 588 2131 (3).

1778 2152 1852 2183 cir-

202 2238 257 2274 (ι)
280 2236 333 2269 Qui
355 2236 398 2261 hic
421 2235 539 2269 inprimis
564 2235 676 2263 conserti
695 2244 809 2265 meretur
828 2245 880 2265 est:
905 2239 932 2268 J.
950 2248 973 2267 v.
992 2240 1246 2266 Swammerdam
1266 2241 1291 2266 in
1311 2240 1404 2267 Bibliis
1425 2241 1550 2276 Naturae,
1572 2250 1585 2267 a
1604 2249 1653 2275 quo
1672 2240 1782 2274 plurima
1799 2243 1848 2269 huc

166 2284 287 2313 facientia
304 2288 433 2309 mutuatus
451 2291 515 2309 sum.

200 2331 254 2367 (2)
279 2330 378 2356 Horum
402 2330 464 2356 satis
479 2336 597 2356 accurata
619 2330 750 2358 invenitur
773 2332 873 2367 imago,
893 2334 919 2359 in
944 2335 1055 2362 Annales
1077 2335 1120 2362 des
1145 2335 1261 2362 Scicnces
1287 2336 1376 2363 Natur.
1413 2341 1476 2362 tom·
1495 2336 1516 2363 1.
1536 2336 1576 2368 fig.
1593 2346 1634 2363 20.

205 2378 261 2415 (5)
287 2376 364 2404 Color
389 2385 557 2412 organorum,
586 2377 664 2405 nullis
690 2378 749 2405 aliis
773 2379 963 2409 characteribus
991 2384 1168 2411 essentialibus
1187 2383 1285 2418 obviis,
1313 2384 1426 2418 quamvis
1457 2384 1614 2419 (secundum
1642 2385 1848 2418 Limnaeum)

1158 2433 1188 2465 H
1212 2443 1229 2464 2
1802 2443 1850 2459 non
