<?xml version="1.0" encoding="UTF-8"?>
<!DOCTYPE html PUBLIC "-//W3C//DTD XHTML 1.0 Transitional//EN"
    "http://www.w3.org/TR/xhtml1/DTD/xhtml1-transitional.dtd">
<html xmlns="http://www.w3.org/1999/xhtml" xml:lang="en" lang="en">
 <head>
  <title>
</title>
<meta http-equiv="Content-Type" content="text/html;charset=utf-8" />
  <meta name='ocr-system' content='tesseract 3.04.00' />
  <meta name='ocr-capabilities' content='ocr_page ocr_carea ocr_par ocr_line ocrx_word'/>
</head>
<body>
  <div class='ocr_page' id='page_1' title='image "./commentatioadqua00vana_0037.png"; bbox 0 0 2080 2744; ppageno 0'>
   <div class='ocr_carea' id='block_1_1' title="bbox 390 181 1808 227">
    <p class='ocr_par' dir='ltr' id='par_1_1' title="bbox 390 181 1808 227">
     <span class='ocr_line' id='line_1_1' title="bbox 390 181 1808 227; baseline 0.002 -9"><span class='ocrx_word' id='word_1_1' title='bbox 390 183 745 219; x_wconf 89' lang='lat' dir='ltr'><strong>COMMENTATIO</strong></span> <span class='ocrx_word' id='word_1_2' title='bbox 770 189 820 215; x_wconf 77' lang='lat' dir='ltr'>AD</span> <span class='ocrx_word' id='word_1_3' title='bbox 845 182 1186 227; x_wconf 87' lang='lat' dir='ltr'><strong>QUAESTIONEM</strong></span> <span class='ocrx_word' id='word_1_4' title='bbox 1210 181 1537 220; x_wconf 81' lang='lat' dir='ltr'><strong>ZOOLOGIGAM.</strong></span> <span class='ocrx_word' id='word_1_5' title='bbox 1766 189 1808 221; x_wconf 76' lang='lat'>53</span> 
     </span>
    </p>
   </div>
   <div class='ocr_carea' id='block_1_2' title="bbox 123 273 1810 770">
    <p class='ocr_par' dir='ltr' id='par_1_2' title="bbox 123 273 1808 598">
     <span class='ocr_line' id='line_1_2' title="bbox 123 273 1805 320; baseline -0.001 -10"><span class='ocrx_word' id='word_1_6' title='bbox 123 278 222 319; x_wconf 51' lang='lat' dir='ltr'>iuxta</span> <span class='ocrx_word' id='word_1_7' title='bbox 247 277 372 310; x_wconf 83' lang='lat' dir='ltr'>lineam</span> <span class='ocrx_word' id='word_1_8' title='bbox 394 277 583 309; x_wconf 84' lang='lat' dir='ltr'>medianam</span> <span class='ocrx_word' id='word_1_9' title='bbox 606 288 624 307; x_wconf 91' lang='lat' dir='ltr'>a</span> <span class='ocrx_word' id='word_1_10' title='bbox 648 275 751 307; x_wconf 64' lang='lat' dir='ltr'>crista</span> <span class='ocrx_word' id='word_1_11' title='bbox 778 274 948 306; x_wconf 87' lang='lat' dir='ltr'>anteriore</span> <span class='ocrx_word' id='word_1_12' title='bbox 974 273 1055 306; x_wconf 83' lang='lat' dir='ltr'>ossis</span> <span class='ocrx_word' id='word_1_13' title='bbox 1078 274 1180 319; x_wconf 86' lang='lat' dir='ltr'>pubis</span> <span class='ocrx_word' id='word_1_14' title='bbox 1211 274 1325 307; x_wconf 82' lang='lat' dir='ltr'>tendit</span> <span class='ocrx_word' id='word_1_15' title='bbox 1355 286 1462 320; x_wconf 82' lang='lat' dir='ltr'>usque</span> <span class='ocrx_word' id='word_1_16' title='bbox 1492 275 1535 308; x_wconf 87' lang='lat' dir='ltr'>ad</span> <span class='ocrx_word' id='word_1_17' title='bbox 1557 275 1642 308; x_wconf 84' lang='lat' dir='ltr'>duos</span> <span class='ocrx_word' id='word_1_18' title='bbox 1671 275 1805 309; x_wconf 83' lang='lat' dir='ltr'>lobulos</span> 
     </span>
     <span class='ocr_line' id='line_1_3' title="bbox 127 330 1808 377; baseline -0.001 -11"><span class='ocrx_word' id='word_1_19' title='bbox 127 334 209 366; x_wconf 86' lang='lat' dir='ltr'>ossis</span> <span class='ocrx_word' id='word_1_20' title='bbox 227 333 332 366; x_wconf 84' lang='lat' dir='ltr'>sterni</span> <span class='ocrx_word' id='word_1_21' title='bbox 353 334 575 376; x_wconf 76' lang='lat' dir='ltr'>posteriore53</span> <span class='ocrx_word' id='word_1_22' title='bbox 590 344 608 362; x_wconf 90' lang='lat' dir='ltr'>a</span> <span class='ocrx_word' id='word_1_23' title='bbox 627 331 729 363; x_wconf 67' lang='lat' dir='ltr'>crista</span> <span class='ocrx_word' id='word_1_24' title='bbox 746 330 806 362; x_wconf 67' lang='lat' dir='ltr'>illa</span> <span class='ocrx_word' id='word_1_25' title='bbox 819 331 943 374; x_wconf 83' lang='lat' dir='ltr'>incipit</span> <span class='ocrx_word' id='word_1_26' title='bbox 958 330 1100 363; x_wconf 88' lang='lat' dir='ltr'>tendine</span> <span class='ocrx_word' id='word_1_27' title='bbox 1117 331 1331 363; x_wconf 81' lang='lat' dir='ltr'>firmissimo:</span> <span class='ocrx_word' id='word_1_28' title='bbox 1353 339 1540 377; x_wconf 87' lang='lat' dir='ltr'>sternoque</span> <span class='ocrx_word' id='word_1_29' title='bbox 1557 331 1624 365; x_wconf 88' lang='lat' dir='ltr'>late</span> <span class='ocrx_word' id='word_1_30' title='bbox 1641 331 1808 365; x_wconf 82' lang='lat' dir='ltr'>adhaeret</span> 
     </span>
     <span class='ocr_line' id='line_1_4' title="bbox 127 386 1804 434; baseline -0.001 -13"><span class='ocrx_word' id='word_1_31' title='bbox 127 399 193 433; x_wconf 85' lang='lat' dir='ltr'>ope</span> <span class='ocrx_word' id='word_1_32' title='bbox 211 388 363 432; x_wconf 86' lang='lat' dir='ltr'>plurium</span> <span class='ocrx_word' id='word_1_33' title='bbox 388 388 553 421; x_wconf 80' lang='lat' dir='ltr'>fibrarum</span> <span class='ocrx_word' id='word_1_34' title='bbox 573 387 850 420; x_wconf 81' lang='lat' dir='ltr'>musculosarum.</span> <span class='ocrx_word' id='word_1_35' title='bbox 880 387 937 419; x_wconf 88' lang='lat' dir='ltr'>Ad</span> <span class='ocrx_word' id='word_1_36' title='bbox 956 387 1061 419; x_wconf 86' lang='lat' dir='ltr'>latera</span> <span class='ocrx_word' id='word_1_37' title='bbox 1078 395 1218 420; x_wconf 79' lang='lat' dir='ltr'>externa</span> <span class='ocrx_word' id='word_1_38' title='bbox 1239 386 1419 420; x_wconf 84' lang='lat' dir='ltr'>adscendit</span> <span class='ocrx_word' id='word_1_39' title='bbox 1441 389 1505 429; x_wconf 90' lang='lat' dir='ltr'>ita,</span> <span class='ocrx_word' id='word_1_40' title='bbox 1528 396 1566 421; x_wconf 82' lang='lat' dir='ltr'>ut</span> <span class='ocrx_word' id='word_1_41' title='bbox 1587 401 1693 434; x_wconf 86' lang='lat' dir='ltr'>quum</span> <span class='ocrx_word' id='word_1_42' title='bbox 1711 389 1804 421; x_wconf 87' lang='lat' dir='ltr'>inci-</span> 
     </span>
     <span class='ocr_line' id='line_1_5' title="bbox 125 442 1805 488; baseline 0.001 -13"><span class='ocrx_word' id='word_1_43' title='bbox 125 445 221 488; x_wconf 82' lang='lat' dir='ltr'>piens</span> <span class='ocrx_word' id='word_1_44' title='bbox 251 456 269 475; x_wconf 89' lang='lat' dir='ltr'>a</span> <span class='ocrx_word' id='word_1_45' title='bbox 298 444 399 475; x_wconf 62' lang='lat' dir='ltr'>crista</span> <span class='ocrx_word' id='word_1_46' title='bbox 428 452 586 486; x_wconf 86' lang='lat' dir='ltr'>angustus</span> <span class='ocrx_word' id='word_1_47' title='bbox 613 443 682 476; x_wconf 81' lang='lat' dir='ltr'>dici</span> <span class='ocrx_word' id='word_1_48' title='bbox 707 450 853 487; x_wconf 85' lang='lat' dir='ltr'>quaeat,</span> <span class='ocrx_word' id='word_1_49' title='bbox 886 442 923 474; x_wconf 88' lang='lat' dir='ltr'>in</span> <span class='ocrx_word' id='word_1_50' title='bbox 955 442 1091 485; x_wconf 84' lang='lat' dir='ltr'>regione</span> <span class='ocrx_word' id='word_1_51' title='bbox 1122 443 1229 477; x_wconf 86' lang='lat' dir='ltr'>sterni</span> <span class='ocrx_word' id='word_1_52' title='bbox 1256 443 1436 476; x_wconf 85' lang='lat' dir='ltr'>latissimus</span> <span class='ocrx_word' id='word_1_53' title='bbox 1472 443 1639 476; x_wconf 81' lang='lat' dir='ltr'>dicendus</span> <span class='ocrx_word' id='word_1_54' title='bbox 1665 446 1727 478; x_wconf 83' lang='lat' dir='ltr'>sit:</span> <span class='ocrx_word' id='word_1_55' title='bbox 1762 445 1805 477; x_wconf 84' lang='lat' dir='ltr'>ad</span> 
     </span>
     <span class='ocr_line' id='line_1_6' title="bbox 128 499 1804 546; baseline 0.002 -15"><span class='ocrx_word' id='word_1_56' title='bbox 128 500 252 532; x_wconf 86' lang='lat' dir='ltr'>haecce</span> <span class='ocrx_word' id='word_1_57' title='bbox 269 499 375 532; x_wconf 86' lang='lat' dir='ltr'>latera</span> <span class='ocrx_word' id='word_1_58' title='bbox 399 508 538 532; x_wconf 84' lang='lat' dir='ltr'>externa</span> <span class='ocrx_word' id='word_1_59' title='bbox 561 511 638 532; x_wconf 89' lang='lat' dir='ltr'>cum</span> <span class='ocrx_word' id='word_1_60' title='bbox 656 507 734 530; x_wconf 86' lang='lat' dir='ltr'>cute</span> <span class='ocrx_word' id='word_1_61' title='bbox 759 499 936 539; x_wconf 86' lang='lat' dir='ltr'>cohaeret,</span> <span class='ocrx_word' id='word_1_62' title='bbox 960 510 1036 532; x_wconf 87' lang='lat' dir='ltr'>cum</span> <span class='ocrx_word' id='word_1_63' title='bbox 1055 501 1192 544; x_wconf 76' lang='lat' dir='ltr'><em>oblique</em></span> <span class='ocrx_word' id='word_1_64' title='bbox 1210 500 1448 534; x_wconf 76' lang='lat' dir='ltr'><em>descendente</em></span> <span class='ocrx_word' id='word_1_65' title='bbox 1467 509 1501 535; x_wconf 85' lang='lat' dir='ltr'>et</span> <span class='ocrx_word' id='word_1_66' title='bbox 1520 513 1598 534; x_wconf 92' lang='lat' dir='ltr'>cum</span> <span class='ocrx_word' id='word_1_67' title='bbox 1619 510 1716 546; x_wconf 86' lang='lat' dir='ltr'>parte</span> <span class='ocrx_word' id='word_1_68' title='bbox 1739 501 1804 535; x_wconf 89' lang='lat' dir='ltr'>ab·</span> 
     </span>
     <span class='ocr_line' id='line_1_7' title="bbox 149 555 842 598; baseline 0.003 -11"><span class='ocrx_word' id='word_1_69' title='bbox 149 555 288 588; x_wconf 86' lang='lat' dir='ltr'>ominali</span> <span class='ocrx_word' id='word_1_70' title='bbox 318 558 470 589; x_wconf 71' lang='lat' dir='ltr'>masculi</span> <span class='ocrx_word' id='word_1_71' title='bbox 492 556 617 598; x_wconf 77' lang='lat' dir='ltr'>magni</span> <span class='ocrx_word' id='word_1_72' title='bbox 634 555 842 598; x_wconf 79' lang='lat' dir='ltr'>pectoralis.</span> 
     </span>
    </p>

    <p class='ocr_par' dir='ltr' id='par_1_3' title="bbox 124 611 1810 770">
     <span class='ocr_line' id='line_1_8' title="bbox 168 611 1807 658; baseline 0.004 -14"><span class='ocrx_word' id='word_1_73' title='bbox 168 612 220 645; x_wconf 82' lang='lat' dir='ltr'>M.</span> <span class='ocrx_word' id='word_1_74' title='bbox 244 612 380 654; x_wconf 76' lang='lat' dir='ltr'><em>oblique</em></span> <span class='ocrx_word' id='word_1_75' title='bbox 405 612 620 644; x_wconf 68' lang='lat' dir='ltr'>descendens</span> <span class='ocrx_word' id='word_1_76' title='bbox 645 611 825 655; x_wconf 78' lang='lat' dir='ltr'>(magnus</span> <span class='ocrx_word' id='word_1_77' title='bbox 855 614 1038 658; x_wconf 77' lang='lat' dir='ltr'>obliquas,</span> <span class='ocrx_word' id='word_1_78' title='bbox 1063 615 1227 658; x_wconf 78' lang='lat' dir='ltr'>obliquus</span> <span class='ocrx_word' id='word_1_79' title='bbox 1254 621 1444 654; x_wconf 79' lang='lat' dir='ltr'>externus,</span> <span class='ocrx_word' id='word_1_80' title='bbox 1471 617 1807 650; x_wconf 67' lang='lat' dir='ltr'>costo-abdomina-</span> 
     </span>
     <span class='ocr_line' id='line_1_9' title="bbox 124 668 1810 715; baseline 0.003 -14"><span class='ocrx_word' id='word_1_81' title='bbox 124 669 195 710; x_wconf 80' lang='lat' dir='ltr'>lz&#39;s)</span> <span class='ocrx_word' id='word_1_82' title='bbox 218 668 388 700; x_wconf 86' lang='lat' dir='ltr'>musculus</span> <span class='ocrx_word' id='word_1_83' title='bbox 412 677 462 700; x_wconf 85' lang='lat' dir='ltr'>est</span> <span class='ocrx_word' id='word_1_84' title='bbox 490 670 598 700; x_wconf 81' lang='lat' dir='ltr'>tenuis</span> <span class='ocrx_word' id='word_1_85' title='bbox 625 677 659 700; x_wconf 89' lang='lat' dir='ltr'>et</span> <span class='ocrx_word' id='word_1_86' title='bbox 687 669 786 700; x_wconf 85' lang='lat' dir='ltr'>latus.</span> <span class='ocrx_word' id='word_1_87' title='bbox 832 670 954 702; x_wconf 87' lang='lat' dir='ltr'><strong>Totam</strong></span> <span class='ocrx_word' id='word_1_88' title='bbox 983 671 1074 703; x_wconf 88' lang='lat' dir='ltr'>enim</span> <span class='ocrx_word' id='word_1_89' title='bbox 1099 670 1274 704; x_wconf 87' lang='lat' dir='ltr'><strong>lateralem</strong></span> <span class='ocrx_word' id='word_1_90' title='bbox 1295 679 1429 715; x_wconf 87' lang='lat' dir='ltr'>partem</span> <span class='ocrx_word' id='word_1_91' title='bbox 1454 673 1645 706; x_wconf 85' lang='lat' dir='ltr'>abdominis</span> <span class='ocrx_word' id='word_1_92' title='bbox 1668 682 1810 706; x_wconf 84' lang='lat' dir='ltr'><strong>externe</strong></span> 
     </span>
     <span class='ocr_line' id='line_1_10' title="bbox 126 723 1809 770; baseline 0.003 -13"><span class='ocrx_word' id='word_1_93' title='bbox 126 725 369 757; x_wconf 81' lang='lat' dir='ltr'>circumvestit.</span> <span class='ocrx_word' id='word_1_94' title='bbox 414 723 484 755; x_wconf 88' lang='lat' dir='ltr'>Sub</span> <span class='ocrx_word' id='word_1_95' title='bbox 505 723 564 763; x_wconf 83' lang='lat' dir='ltr'>illo</span> <span class='ocrx_word' id='word_1_96' title='bbox 586 724 721 756; x_wconf 86' lang='lat' dir='ltr'>videtur</span> <span class='ocrx_word' id='word_1_97' title='bbox 741 727 924 757; x_wconf 71' lang='lat' dir='ltr'>musculas</span> <span class='ocrx_word' id='word_1_98' title='bbox 947 727 1086 770; x_wconf 79' lang='lat' dir='ltr'>oblique</span> <span class='ocrx_word' id='word_1_99' title='bbox 1109 727 1340 761; x_wconf 69' lang='lat' dir='ltr'>descendens.</span> <span class='ocrx_word' id='word_1_100' title='bbox 1384 728 1524 761; x_wconf 87' lang='lat' dir='ltr'>Initium</span> <span class='ocrx_word' id='word_1_101' title='bbox 1543 729 1639 761; x_wconf 88' lang='lat' dir='ltr'>ducit</span> <span class='ocrx_word' id='word_1_102' title='bbox 1657 742 1674 761; x_wconf 89' lang='lat' dir='ltr'>a</span> <span class='ocrx_word' id='word_1_103' title='bbox 1697 729 1809 762; x_wconf 64' lang='lat' dir='ltr'>media</span> 
     </span>
    </p>
   </div>
   <div class='ocr_carea' id='block_1_3' title="bbox 125 778 1812 884">
    <p class='ocr_par' dir='ltr' id='par_1_4' title="bbox 125 778 1812 884">
     <span class='ocr_line' id='line_1_11' title="bbox 125 778 1807 824; baseline 0.002 -12"><span class='ocrx_word' id='word_1_104' title='bbox 125 788 224 824; x_wconf 84' lang='lat' dir='ltr'>parte</span> <span class='ocrx_word' id='word_1_105' title='bbox 252 781 333 812; x_wconf 89' lang='lat' dir='ltr'>ossis</span> <span class='ocrx_word' id='word_1_106' title='bbox 355 779 531 822; x_wconf 81' lang='lat' dir='ltr'>utriusque</span> <span class='ocrx_word' id='word_1_107' title='bbox 554 778 630 820; x_wconf 86' lang='lat' dir='ltr'>ilii,</span> <span class='ocrx_word' id='word_1_108' title='bbox 654 788 687 812; x_wconf 91' lang='lat' dir='ltr'>et</span> <span class='ocrx_word' id='word_1_109' title='bbox 710 793 727 812; x_wconf 87' lang='lat' dir='ltr'>a</span> <span class='ocrx_word' id='word_1_110' title='bbox 750 782 908 813; x_wconf 74' lang='lat' dir='ltr'>musculo</span> <span class='ocrx_word' id='word_1_111' title='bbox 935 783 1113 824; x_wconf 76' lang='lat' dir='ltr'>quadrato</span> <span class='ocrx_word' id='word_1_112' title='bbox 1139 783 1367 823; x_wconf 73' lang='lat' dir='ltr'>lamborum3</span> <span class='ocrx_word' id='word_1_113' title='bbox 1391 785 1552 817; x_wconf 84' lang='lat' dir='ltr'>inseritur</span> <span class='ocrx_word' id='word_1_114' title='bbox 1581 793 1691 818; x_wconf 89' lang='lat' dir='ltr'>autem</span> <span class='ocrx_word' id='word_1_115' title='bbox 1717 785 1807 817; x_wconf 84' lang='lat' dir='ltr'>late-</span> 
     </span>
     <span class='ocr_line' id='line_1_12' title="bbox 126 834 1812 884; baseline 0.003 -17"><span class='ocrx_word' id='word_1_116' title='bbox 126 836 191 868; x_wconf 85' lang='lat' dir='ltr'>rali</span> <span class='ocrx_word' id='word_1_117' title='bbox 219 843 376 868; x_wconf 77' lang='lat' dir='ltr'><strong>externae</strong></span> <span class='ocrx_word' id='word_1_118' title='bbox 401 836 492 879; x_wconf 85' lang='lat' dir='ltr'>parti</span> <span class='ocrx_word' id='word_1_119' title='bbox 517 834 661 867; x_wconf 85' lang='lat' dir='ltr'>musculi</span> <span class='ocrx_word' id='word_1_120' title='bbox 679 836 765 868; x_wconf 84' lang='lat' dir='ltr'>recti</span> <span class='ocrx_word' id='word_1_121' title='bbox 784 836 994 877; x_wconf 85' lang='lat' dir='ltr'>abdominis,</span> <span class='ocrx_word' id='word_1_122' title='bbox 1019 846 1053 870; x_wconf 89' lang='lat' dir='ltr'>et</span> <span class='ocrx_word' id='word_1_123' title='bbox 1076 839 1138 869; x_wconf 87' lang='lat' dir='ltr'>sub</span> <span class='ocrx_word' id='word_1_124' title='bbox 1160 849 1257 883; x_wconf 83' lang='lat' dir='ltr'>parte</span> <span class='ocrx_word' id='word_1_125' title='bbox 1279 840 1488 874; x_wconf 86' lang='lat' dir='ltr'>abdominali</span> <span class='ocrx_word' id='word_1_126' title='bbox 1511 843 1665 874; x_wconf 73' lang='lat' dir='ltr'>musculi</span> <span class='ocrx_word' id='word_1_127' title='bbox 1685 842 1812 884; x_wconf 75' lang='lat' dir='ltr'>magni</span> 
     </span>
    </p>
   </div>
   <div class='ocr_carea' id='block_1_4' title="bbox 121 890 1810 979">
    <p class='ocr_par' dir='ltr' id='par_1_5' title="bbox 121 890 1810 979">
     <span class='ocr_line' id='line_1_13' title="bbox 121 890 1810 940; baseline 0.003 -17"><span class='ocrx_word' id='word_1_128' title='bbox 121 892 320 934; x_wconf 79' lang='lat' dir='ltr'>pectoralis</span> <span class='ocrx_word' id='word_1_129' title='bbox 342 890 537 932; x_wconf 81' lang='lat' dir='ltr'>procurrit,</span> <span class='ocrx_word' id='word_1_130' title='bbox 560 901 669 933; x_wconf 80' lang='lat' dir='ltr'>usque</span> <span class='ocrx_word' id='word_1_131' title='bbox 693 890 736 922; x_wconf 84' lang='lat' dir='ltr'>ad</span> <span class='ocrx_word' id='word_1_132' title='bbox 759 898 929 924; x_wconf 73' lang='lat' dir='ltr'>sternumz</span> <span class='ocrx_word' id='word_1_133' title='bbox 955 891 1064 924; x_wconf 82' lang='lat' dir='ltr'>fibrae</span> <span class='ocrx_word' id='word_1_134' title='bbox 1083 905 1101 924; x_wconf 91' lang='lat' dir='ltr'>a</span> <span class='ocrx_word' id='word_1_135' title='bbox 1124 895 1264 927; x_wconf 86' lang='lat' dir='ltr'>rachide</span> <span class='ocrx_word' id='word_1_136' title='bbox 1284 908 1393 940; x_wconf 84' lang='lat' dir='ltr'>usque</span> <span class='ocrx_word' id='word_1_137' title='bbox 1415 896 1458 929; x_wconf 86' lang='lat' dir='ltr'>ad</span> <span class='ocrx_word' id='word_1_138' title='bbox 1475 897 1646 930; x_wconf 72' lang='lat' dir='ltr'>abdomen</span> <span class='ocrx_word' id='word_1_139' title='bbox 1670 897 1810 940; x_wconf 86' lang='lat' dir='ltr'>oblique</span> 
     </span>
     <span class='ocr_line' id='line_1_14' title="bbox 126 946 352 979; baseline -0.004 -1"><span class='ocrx_word' id='word_1_140' title='bbox 126 946 352 979; x_wconf 86' lang='lat' dir='ltr'>descendunt.</span> 
     </span>
    </p>
   </div>
   <div class='ocr_carea' id='block_1_5' title="bbox 129 1003 1813 1163">
    <p class='ocr_par' dir='ltr' id='par_1_6' title="bbox 129 1003 1813 1163">
     <span class='ocr_line' id='line_1_15' title="bbox 171 1003 1810 1053; baseline 0.005 -20"><span class='ocrx_word' id='word_1_141' title='bbox 171 1004 223 1035; x_wconf 87' lang='lat' dir='ltr'>M.</span> <span class='ocrx_word' id='word_1_142' title='bbox 247 1003 384 1046; x_wconf 77' lang='lat' dir='ltr'>oblique</span> <span class='ocrx_word' id='word_1_143' title='bbox 407 1004 630 1036; x_wconf 77' lang='lat' dir='ltr'>adscendens</span> <span class='ocrx_word' id='word_1_144' title='bbox 660 1004 846 1048; x_wconf 78' lang='lat' dir='ltr'>(obliquus</span> <span class='ocrx_word' id='word_1_145' title='bbox 875 1006 1047 1046; x_wconf 79' lang='lat' dir='ltr'>interior,</span> <span class='ocrx_word' id='word_1_146' title='bbox 1071 1018 1211 1049; x_wconf 69' lang='lat' dir='ltr'>parvus</span> <span class='ocrx_word' id='word_1_147' title='bbox 1240 1007 1426 1050; x_wconf 64' lang='lat' dir='ltr'>obliquus,</span> <span class='ocrx_word' id='word_1_148' title='bbox 1460 1009 1810 1053; x_wconf 69' lang='lat' dir='ltr'>ilio-abdominalis)</span> 
     </span>
     <span class='ocr_line' id='line_1_16' title="bbox 129 1057 1813 1105; baseline 0.004 -15"><span class='ocrx_word' id='word_1_149' title='bbox 129 1058 261 1101; x_wconf 87' lang='lat' dir='ltr'>gracilis</span> <span class='ocrx_word' id='word_1_150' title='bbox 285 1066 335 1091; x_wconf 78' lang='lat' dir='ltr'>est</span> <span class='ocrx_word' id='word_1_151' title='bbox 358 1066 392 1090; x_wconf 87' lang='lat' dir='ltr'>et</span> <span class='ocrx_word' id='word_1_152' title='bbox 413 1057 521 1099; x_wconf 78' lang='lat' dir='ltr'>latus,</span> <span class='ocrx_word' id='word_1_153' title='bbox 546 1060 783 1104; x_wconf 84' lang='lat' dir='ltr'>parietemque</span> <span class='ocrx_word' id='word_1_154' title='bbox 815 1061 1008 1094; x_wconf 82' lang='lat' dir='ltr'>abdominis</span> <span class='ocrx_word' id='word_1_155' title='bbox 1042 1062 1215 1095; x_wconf 85' lang='lat' dir='ltr'>lateralem</span> <span class='ocrx_word' id='word_1_156' title='bbox 1244 1064 1380 1095; x_wconf 87' lang='lat' dir='ltr'>interne</span> <span class='ocrx_word' id='word_1_157' title='bbox 1408 1064 1552 1105; x_wconf 81' lang='lat' dir='ltr'>format,</span> <span class='ocrx_word' id='word_1_158' title='bbox 1573 1066 1636 1096; x_wconf 87' lang='lat' dir='ltr'>sub</span> <span class='ocrx_word' id='word_1_159' title='bbox 1660 1065 1813 1097; x_wconf 87' lang='lat' dir='ltr'>musculo</span> 
     </span>
     <span class='ocr_line' id='line_1_17' title="bbox 130 1113 1812 1163; baseline 0.004 -17"><span class='ocrx_word' id='word_1_160' title='bbox 130 1113 268 1158; x_wconf 86' lang='lat' dir='ltr'>oblique</span> <span class='ocrx_word' id='word_1_161' title='bbox 300 1113 532 1146; x_wconf 79' lang='lat' dir='ltr'>descendente</span> <span class='ocrx_word' id='word_1_162' title='bbox 565 1116 763 1157; x_wconf 88' lang='lat' dir='ltr'>invenitur,</span> <span class='ocrx_word' id='word_1_163' title='bbox 794 1116 931 1150; x_wconf 85' lang='lat' dir='ltr'>initium</span> <span class='ocrx_word' id='word_1_164' title='bbox 959 1117 1087 1150; x_wconf 89' lang='lat' dir='ltr'>ducens</span> <span class='ocrx_word' id='word_1_165' title='bbox 1120 1119 1162 1150; x_wconf 88' lang='lat' dir='ltr'>ab</span> <span class='ocrx_word' id='word_1_166' title='bbox 1195 1127 1341 1163; x_wconf 87' lang='lat' dir='ltr'>utroque</span> <span class='ocrx_word' id='word_1_167' title='bbox 1368 1119 1505 1152; x_wconf 83' lang='lat' dir='ltr'>iliorum</span> <span class='ocrx_word' id='word_1_168' title='bbox 1533 1131 1623 1161; x_wconf 86' lang='lat' dir='ltr'>osse,</span> <span class='ocrx_word' id='word_1_169' title='bbox 1648 1129 1680 1153; x_wconf 85' lang='lat' dir='ltr'>et</span> <span class='ocrx_word' id='word_1_170' title='bbox 1703 1133 1720 1152; x_wconf 88' lang='lat' dir='ltr'>a</span> <span class='ocrx_word' id='word_1_171' title='bbox 1741 1129 1812 1153; x_wconf 88' lang='lat' dir='ltr'>toto</span> 
     </span>
    </p>
   </div>
   <div class='ocr_carea' id='block_1_6' title="bbox 130 1169 1812 1272">
    <p class='ocr_par' dir='ltr' id='par_1_7' title="bbox 130 1169 1812 1272">
     <span class='ocr_line' id='line_1_18' title="bbox 130 1169 1812 1220; baseline 0.007 -21"><span class='ocrx_word' id='word_1_172' title='bbox 130 1170 281 1201; x_wconf 88' lang='lat' dir='ltr'>musculo</span> <span class='ocrx_word' id='word_1_173' title='bbox 315 1169 482 1212; x_wconf 85' lang='lat' dir='ltr'>quadrato</span> <span class='ocrx_word' id='word_1_174' title='bbox 518 1169 723 1204; x_wconf 85' lang='lat' dir='ltr'>lumborum.</span> <span class='ocrx_word' id='word_1_175' title='bbox 787 1173 914 1204; x_wconf 87' lang='lat' dir='ltr'>Antice</span> <span class='ocrx_word' id='word_1_176' title='bbox 949 1173 1072 1206; x_wconf 85' lang='lat' dir='ltr'>iisdem</span> <span class='ocrx_word' id='word_1_177' title='bbox 1100 1175 1260 1207; x_wconf 87' lang='lat' dir='ltr'>musculis</span> <span class='ocrx_word' id='word_1_178' title='bbox 1291 1175 1453 1206; x_wconf 87' lang='lat' dir='ltr'>inseritur</span> <span class='ocrx_word' id='word_1_179' title='bbox 1474 1198 1484 1214; x_wconf 86' lang='lat'><strong><em>‚</em></strong></span> <span class='ocrx_word' id='word_1_180' title='bbox 1518 1176 1642 1218; x_wconf 85' lang='lat' dir='ltr'>quibus</span> <span class='ocrx_word' id='word_1_181' title='bbox 1674 1177 1812 1220; x_wconf 77' lang='lat' dir='ltr'>oblique</span> 
     </span>
     <span class='ocr_line' id='line_1_19' title="bbox 130 1225 1550 1272; baseline 0.006 -16"><span class='ocrx_word' id='word_1_182' title='bbox 130 1225 357 1258; x_wconf 69' lang='lat' dir='ltr'>descendens.</span> <span class='ocrx_word' id='word_1_183' title='bbox 401 1225 523 1258; x_wconf 77' lang='lat' dir='ltr'>Fibrae</span> <span class='ocrx_word' id='word_1_184' title='bbox 548 1238 566 1257; x_wconf 88' lang='lat' dir='ltr'>a</span> <span class='ocrx_word' id='word_1_185' title='bbox 587 1225 728 1258; x_wconf 86' lang='lat' dir='ltr'>rachide</span> <span class='ocrx_word' id='word_1_186' title='bbox 756 1238 865 1267; x_wconf 82' lang='lat' dir='ltr'>usque</span> <span class='ocrx_word' id='word_1_187' title='bbox 894 1228 939 1258; x_wconf 78' lang='lat' dir='ltr'>ad</span> <span class='ocrx_word' id='word_1_188' title='bbox 963 1228 1134 1260; x_wconf 73' lang='lat' dir='ltr'>abdomen</span> <span class='ocrx_word' id='word_1_189' title='bbox 1163 1229 1302 1272; x_wconf 84' lang='lat' dir='ltr'>oblique</span> <span class='ocrx_word' id='word_1_190' title='bbox 1325 1230 1550 1264; x_wconf 81' lang='lat' dir='ltr'>adscendunt.</span> 
     </span>
    </p>
   </div>
   <div class='ocr_carea' id='block_1_7' title="bbox 916 1328 1027 1370">
    <p class='ocr_par' dir='ltr' id='par_1_8' title="bbox 916 1328 1027 1370">
     <span class='ocr_line' id='line_1_20' title="bbox 916 1328 1027 1370; baseline 0.009 -11"><span class='ocrx_word' id='word_1_191' title='bbox 916 1328 949 1370; x_wconf 67' lang='lat' dir='ltr'>g.</span> <span class='ocrx_word' id='word_1_192' title='bbox 993 1337 1027 1360; x_wconf 82' lang='lat'>2.</span> 
     </span>
    </p>
   </div>
   <div class='ocr_carea' id='block_1_8' title="bbox 798 1411 1134 1455">
    <p class='ocr_par' dir='ltr' id='par_1_9' title="bbox 798 1411 1134 1455">
     <span class='ocr_line' id='line_1_21' title="bbox 798 1411 1134 1455; baseline 0.009 -13"><span class='ocrx_word' id='word_1_193' title='bbox 798 1411 842 1443; x_wconf 86' lang='lat' dir='ltr'><strong><em>M</em></strong></span> <span class='ocrx_word' id='word_1_194' title='bbox 842 1413 959 1445; x_wconf 72' lang='lat' dir='ltr'>asculi</span> <span class='ocrx_word' id='word_1_195' title='bbox 989 1413 1134 1455; x_wconf 71' lang='lat' dir='ltr'>capitis·</span> 
     </span>
    </p>
   </div>
   <div class='ocr_carea' id='block_1_9' title="bbox 951 1510 993 1544">
    <p class='ocr_par' dir='ltr' id='par_1_10' title="bbox 951 1510 993 1544">
     <span class='ocr_line' id='line_1_22' title="bbox 951 1510 993 1544; baseline 0 0"><span class='ocrx_word' id='word_1_196' title='bbox 951 1510 993 1544; x_wconf 84' lang='lat' dir='ltr'>A.</span> 
     </span>
    </p>
   </div>
   <div class='ocr_carea' id='block_1_10' title="bbox 325 1591 1613 1639">
    <p class='ocr_par' dir='ltr' id='par_1_11' title="bbox 325 1591 1613 1639">
     <span class='ocr_line' id='line_1_23' title="bbox 325 1591 1613 1639; baseline 0.004 -14"><span class='ocrx_word' id='word_1_197' title='bbox 325 1591 515 1625; x_wconf 85' lang='lat' dir='ltr'>Musculi</span> <span class='ocrx_word' id='word_1_198' title='bbox 547 1600 726 1636; x_wconf 84' lang='lat' dir='ltr'>quorum</span> <span class='ocrx_word' id='word_1_199' title='bbox 760 1602 838 1639; x_wconf 87' lang='lat' dir='ltr'>ope</span> <span class='ocrx_word' id='word_1_200' title='bbox 873 1602 1005 1638; x_wconf 85' lang='lat' dir='ltr'>caput</span> <span class='ocrx_word' id='word_1_201' title='bbox 1036 1604 1167 1636; x_wconf 82' lang='lat' dir='ltr'>super</span> <span class='ocrx_word' id='word_1_202' title='bbox 1199 1595 1371 1638; x_wconf 86' lang='lat' dir='ltr'>spinam</span> <span class='ocrx_word' id='word_1_203' title='bbox 1400 1603 1613 1630; x_wconf 86' lang='lat' dir='ltr'>movetur.</span> 
     </span>
    </p>
   </div>
   <div class='ocr_carea' id='block_1_11' title="bbox 135 1689 1811 1791">
    <p class='ocr_par' dir='ltr' id='par_1_12' title="bbox 135 1689 1811 1791">
     <span class='ocr_line' id='line_1_24' title="bbox 178 1689 1811 1738; baseline 0.003 -16"><span class='ocrx_word' id='word_1_204' title='bbox 178 1689 362 1722; x_wconf 76' lang='lat' dir='ltr'>Masculus</span> <span class='ocrx_word' id='word_1_205' title='bbox 389 1689 551 1731; x_wconf 78' lang='lat' dir='ltr'>obliquus</span> <span class='ocrx_word' id='word_1_206' title='bbox 576 1690 762 1731; x_wconf 76' lang='lat' dir='ltr'>superior,</span> <span class='ocrx_word' id='word_1_207' title='bbox 787 1702 804 1721; x_wconf 86' lang='lat' dir='ltr'>a</span> <span class='ocrx_word' id='word_1_208' title='bbox 828 1689 941 1733; x_wconf 65' lang='lat' dir='ltr'>prima</span> <span class='ocrx_word' id='word_1_209' title='bbox 966 1690 1105 1723; x_wconf 88' lang='lat' dir='ltr'>veniens</span> <span class='ocrx_word' id='word_1_210' title='bbox 1131 1692 1368 1724; x_wconf 78' lang='lat' dir='ltr'>vertebrarum</span> <span class='ocrx_word' id='word_1_211' title='bbox 1396 1692 1561 1738; x_wconf 71' lang='lat' dir='ltr'>apophysi</span> <span class='ocrx_word' id='word_1_212' title='bbox 1594 1696 1783 1729; x_wconf 64' lang='lat' dir='ltr'>transversa</span> <span class='ocrx_word' id='word_1_213' title='bbox 1799 1720 1811 1738; x_wconf 88' lang='lat'><em>‚</em></span> 
     </span>
     <span class='ocr_line' id='line_1_25' title="bbox 135 1744 1366 1791; baseline 0.003 -15"><span class='ocrx_word' id='word_1_214' title='bbox 135 1746 292 1791; x_wconf 84' lang='lat' dir='ltr'>partique</span> <span class='ocrx_word' id='word_1_215' title='bbox 315 1744 483 1786; x_wconf 85' lang='lat' dir='ltr'>superiori</span> <span class='ocrx_word' id='word_1_216' title='bbox 509 1744 572 1775; x_wconf 90' lang='lat' dir='ltr'>ossi</span> <span class='ocrx_word' id='word_1_217' title='bbox 598 1745 758 1788; x_wconf 87' lang='lat' dir='ltr'>temporis</span> <span class='ocrx_word' id='word_1_218' title='bbox 783 1745 986 1787; x_wconf 86' lang='lat' dir='ltr'>adjunctus,</span> <span class='ocrx_word' id='word_1_219' title='bbox 1009 1745 1149 1791; x_wconf 89' lang='lat' dir='ltr'>oblique</span> <span class='ocrx_word' id='word_1_220' title='bbox 1176 1747 1366 1781; x_wconf 85' lang='lat' dir='ltr'>adscendit.</span> 
     </span>
    </p>
   </div>
   <div class='ocr_carea' id='block_1_12' title="bbox 136 1800 1810 1902">
    <p class='ocr_par' dir='ltr' id='par_1_13' title="bbox 136 1800 1810 1902">
     <span class='ocr_line' id='line_1_26' title="bbox 176 1800 1810 1847; baseline 0.005 -16"><span class='ocrx_word' id='word_1_221' title='bbox 176 1801 228 1832; x_wconf 89' lang='lat' dir='ltr'>M.</span> <span class='ocrx_word' id='word_1_222' title='bbox 245 1811 384 1842; x_wconf 67' lang='lat' dir='ltr'>parvus</span> <span class='ocrx_word' id='word_1_223' title='bbox 407 1806 527 1831; x_wconf 78' lang='lat' dir='ltr'>rectus</span> <span class='ocrx_word' id='word_1_224' title='bbox 550 1800 721 1832; x_wconf 79' lang='lat' dir='ltr'>anterior.</span> <span class='ocrx_word' id='word_1_225' title='bbox 765 1801 893 1847; x_wconf 87' lang='lat' dir='ltr'>Incipit</span> <span class='ocrx_word' id='word_1_226' title='bbox 914 1801 955 1833; x_wconf 86' lang='lat' dir='ltr'>ab</span> <span class='ocrx_word' id='word_1_227' title='bbox 977 1802 1141 1847; x_wconf 78' lang='lat' dir='ltr'>apophysi</span> <span class='ocrx_word' id='word_1_228' title='bbox 1163 1804 1354 1836; x_wconf 63' lang='lat' dir='ltr'>transversa</span> <span class='ocrx_word' id='word_1_229' title='bbox 1378 1804 1509 1847; x_wconf 87' lang='lat' dir='ltr'>primae</span> <span class='ocrx_word' id='word_1_230' title='bbox 1528 1805 1726 1847; x_wconf 85' lang='lat' dir='ltr'>vertebrae,</span> <span class='ocrx_word' id='word_1_231' title='bbox 1750 1807 1810 1839; x_wconf 89' lang='lat' dir='ltr'>in-</span> 
     </span>
     <span class='ocr_line' id='line_1_27' title="bbox 136 1854 1806 1902; baseline 0.005 -15"><span class='ocrx_word' id='word_1_232' title='bbox 136 1856 259 1887; x_wconf 81' lang='lat' dir='ltr'>seritur</span> <span class='ocrx_word' id='word_1_233' title='bbox 282 1855 354 1886; x_wconf 90' lang='lat' dir='ltr'>basi</span> <span class='ocrx_word' id='word_1_234' title='bbox 377 1855 484 1887; x_wconf 86' lang='lat' dir='ltr'>cranii</span> <span class='ocrx_word' id='word_1_235' title='bbox 508 1854 569 1886; x_wconf 91' lang='lat' dir='ltr'>sub</span> <span class='ocrx_word' id='word_1_236' title='bbox 588 1867 711 1897; x_wconf 85' lang='lat' dir='ltr'>magno</span> <span class='ocrx_word' id='word_1_237' title='bbox 731 1856 897 1888; x_wconf 85' lang='lat' dir='ltr'>foramine</span> <span class='ocrx_word' id='word_1_238' title='bbox 915 1856 1107 1902; x_wconf 86' lang='lat' dir='ltr'>occipitali‚</span> <span class='ocrx_word' id='word_1_239' title='bbox 1132 1858 1201 1891; x_wconf 88' lang='lat' dir='ltr'>Alii</span> <span class='ocrx_word' id='word_1_240' title='bbox 1222 1860 1289 1891; x_wconf 86' lang='lat' dir='ltr'>huc</span> <span class='ocrx_word' id='word_1_241' title='bbox 1307 1860 1469 1893; x_wconf 84' lang='lat' dir='ltr'>facientes</span> <span class='ocrx_word' id='word_1_242' title='bbox 1483 1861 1647 1900; x_wconf 83' lang='lat' dir='ltr'>musculi,</span> <span class='ocrx_word' id='word_1_243' title='bbox 1676 1863 1806 1896; x_wconf 77' lang='lat' dir='ltr'>Cuvie·</span> 
     </span>
    </p>
   </div>
   <div class='ocr_carea' id='block_1_13' title="bbox 139 1910 1810 2009">
    <p class='ocr_par' dir='ltr' id='par_1_14' title="bbox 139 1910 1810 2009">
     <span class='ocr_line' id='line_1_28' title="bbox 142 1910 1810 1962; baseline 0.007 -21"><span class='ocrx_word' id='word_1_244' title='bbox 142 1922 219 1942; x_wconf 81' lang='lat' dir='ltr'>rum</span> <span class='ocrx_word' id='word_1_245' title='bbox 246 1918 377 1942; x_wconf 85' lang='lat' dir='ltr'>secutus</span> <span class='ocrx_word' id='word_1_246' title='bbox 393 1935 403 1947; x_wconf 90' lang='lat'><strong>‚</strong></span> <span class='ocrx_word' id='word_1_247' title='bbox 433 1910 513 1943; x_wconf 85' lang='lat' dir='ltr'>aliae</span> <span class='ocrx_word' id='word_1_248' title='bbox 538 1911 751 1956; x_wconf 82' lang='lat' dir='ltr'>paragrapho</span> <span class='ocrx_word' id='word_1_249' title='bbox 775 1912 958 1955; x_wconf 80' lang='lat' dir='ltr'>subjunxi,</span> <span class='ocrx_word' id='word_1_250' title='bbox 984 1924 1014 1945; x_wconf 84' lang='lat' dir='ltr'>e.</span> <span class='ocrx_word' id='word_1_251' title='bbox 1037 1925 1068 1956; x_wconf 85' lang='lat' dir='ltr'>g.</span> <span class='ocrx_word' id='word_1_252' title='bbox 1096 1914 1484 1960; x_wconf 69' lang='lat' dir='ltr'>Sternomastomeum,</span> <span class='ocrx_word' id='word_1_253' title='bbox 1508 1917 1568 1962; x_wconf 87' lang='lat' dir='ltr'>qui</span> <span class='ocrx_word' id='word_1_254' title='bbox 1596 1919 1688 1952; x_wconf 85' lang='lat' dir='ltr'>inter</span> <span class='ocrx_word' id='word_1_255' title='bbox 1711 1930 1810 1953; x_wconf 81' lang='lat' dir='ltr'>mus·</span> 
     </span>
     <span class='ocr_line' id='line_1_29' title="bbox 139 1965 839 2009; baseline 0.004 -12"><span class='ocrx_word' id='word_1_256' title='bbox 139 1965 227 1998; x_wconf 73' lang='lat' dir='ltr'>culos</span> <span class='ocrx_word' id='word_1_257' title='bbox 250 1966 383 1998; x_wconf 84' lang='lat' dir='ltr'>humeri</span> <span class='ocrx_word' id='word_1_258' title='bbox 407 1966 632 2000; x_wconf 85' lang='lat' dir='ltr'>inveniendus</span> <span class='ocrx_word' id='word_1_259' title='bbox 655 1977 724 2009; x_wconf 85' lang='lat' dir='ltr'>est,</span> <span class='ocrx_word' id='word_1_260' title='bbox 748 1968 839 2000; x_wconf 88' lang='lat' dir='ltr'>alios.</span> 
     </span>
    </p>
   </div>
   <div class='ocr_carea' id='block_1_14' title="bbox 459 2068 1477 2188">
    <p class='ocr_par' dir='ltr' id='par_1_15' title="bbox 459 2068 1477 2188">
     <span class='ocr_line' id='line_1_30' title="bbox 951 2068 988 2100; baseline -0.027 0"><span class='ocrx_word' id='word_1_261' title='bbox 951 2068 988 2100; x_wconf 88' lang='grc' dir='ltr'>Β.</span> 
     </span>
     <span class='ocr_line' id='line_1_31' title="bbox 459 2149 1477 2188; baseline 0.008 -8"><span class='ocrx_word' id='word_1_262' title='bbox 459 2149 649 2182; x_wconf 87' lang='lat' dir='ltr'>Musculi</span> <span class='ocrx_word' id='word_1_263' title='bbox 683 2150 907 2184; x_wconf 83' lang='lat' dir='ltr'>maxillam</span> <span class='ocrx_word' id='word_1_264' title='bbox 938 2151 1205 2187; x_wconf 86' lang='lat' dir='ltr'>inferiorem</span> <span class='ocrx_word' id='word_1_265' title='bbox 1240 2162 1477 2188; x_wconf 80' lang='lat' dir='ltr'>moventes·</span> 
     </span>
    </p>
   </div>
   <div class='ocr_carea' id='block_1_15' title="bbox 140 2245 1805 2352">
    <p class='ocr_par' dir='ltr' id='par_1_16' title="bbox 140 2245 1805 2352">
     <span class='ocr_line' id='line_1_32' title="bbox 182 2245 1804 2294; baseline 0.007 -18"><span class='ocrx_word' id='word_1_266' title='bbox 182 2246 233 2277; x_wconf 88' lang='grc' dir='ltr'>Μ.</span> <span class='ocrx_word' id='word_1_267' title='bbox 259 2245 490 2288; x_wconf 79' lang='lat' dir='ltr'>Crotaplzites</span> <span class='ocrx_word' id='word_1_268' title='bbox 512 2246 674 2278; x_wconf 73' lang='lat' dir='ltr'>maximus</span> <span class='ocrx_word' id='word_1_269' title='bbox 707 2255 758 2280; x_wconf 84' lang='lat' dir='ltr'>est</span> <span class='ocrx_word' id='word_1_270' title='bbox 788 2248 981 2290; x_wconf 86' lang='lat' dir='ltr'>musculus,</span> <span class='ocrx_word' id='word_1_271' title='bbox 1007 2250 1181 2283; x_wconf 85' lang='lat' dir='ltr'>cavitatem</span> <span class='ocrx_word' id='word_1_272' title='bbox 1211 2251 1340 2284; x_wconf 80' lang='lat' dir='ltr'>evalem</span> <span class='ocrx_word' id='word_1_273' title='bbox 1367 2252 1449 2284; x_wconf 87' lang='lat' dir='ltr'>ossis</span> <span class='ocrx_word' id='word_1_274' title='bbox 1478 2250 1671 2294; x_wconf 87' lang='lat' dir='ltr'>temporalis</span> <span class='ocrx_word' id='word_1_275' title='bbox 1702 2260 1804 2287; x_wconf 86' lang='lat' dir='ltr'>totam</span> 
     </span>
     <span class='ocr_line' id='line_1_33' title="bbox 140 2300 1805 2352; baseline 0.006 -21"><span class='ocrx_word' id='word_1_276' title='bbox 140 2300 242 2342; x_wconf 82' lang='lat' dir='ltr'>tegit3</span> <span class='ocrx_word' id='word_1_277' title='bbox 267 2313 286 2333; x_wconf 88' lang='lat' dir='ltr'>a</span> <span class='ocrx_word' id='word_1_278' title='bbox 311 2302 412 2334; x_wconf 64' lang='lat' dir='ltr'>crena</span> <span class='ocrx_word' id='word_1_279' title='bbox 436 2302 580 2347; x_wconf 80' lang='lat' dir='ltr'>incipit,</span> <span class='ocrx_word' id='word_1_280' title='bbox 605 2303 672 2347; x_wconf 63' lang='lat' dir='ltr'>qua</span> <span class='ocrx_word' id='word_1_281' title='bbox 694 2313 766 2337; x_wconf 86' lang='lat' dir='ltr'>ossa</span> <span class='ocrx_word' id='word_1_282' title='bbox 785 2305 945 2339; x_wconf 85' lang='lat' dir='ltr'>frontalia</span> <span class='ocrx_word' id='word_1_283' title='bbox 967 2307 1095 2340; x_wconf 84' lang='lat' dir='ltr'>ossibus</span> <span class='ocrx_word' id='word_1_284' title='bbox 1120 2307 1360 2352; x_wconf 84' lang='lat' dir='ltr'>temporalibus</span> <span class='ocrx_word' id='word_1_285' title='bbox 1383 2307 1638 2351; x_wconf 83' lang='lat' dir='ltr'>adjunguntur,</span> <span class='ocrx_word' id='word_1_286' title='bbox 1662 2308 1805 2341; x_wconf 80' lang='lat' dir='ltr'>fossam-</span> 
     </span>
    </p>
   </div>
   <div class='ocr_carea' id='block_1_16' title="bbox 1071 2363 1808 2407">
    <p class='ocr_par' dir='ltr' id='par_1_17' title="bbox 1071 2363 1808 2407">
     <span class='ocr_line' id='line_1_34' title="bbox 1071 2363 1808 2407; baseline 0.001 -12"><span class='ocrx_word' id='word_1_287' title='bbox 1071 2363 1100 2395; x_wconf 90' lang='lat' dir='ltr'><strong>E</strong></span> <span class='ocrx_word' id='word_1_288' title='bbox 1741 2376 1808 2407; x_wconf 83' lang='lat' dir='ltr'>que</span> 
     </span>
    </p>
   </div>
  </div>
 </body>
</html>
