2080 2744
200 258 242 289 44
670 251 713 283 H.
802 252 844 284 L.
932 260 1051 284 VAN
1137 254 1432 290 ALTENA

209 360 240 381 e.
264 359 294 390 g.
318 348 354 379 in
374 345 544 389 piscibus,
568 343 702 384 linguae
728 342 909 386 primarius
928 354 1007 373 usus
1033 351 1083 374 est
1106 343 1198 375 cibos
1224 344 1410 388 deglutire,
1433 349 1469 379 in
1492 360 1521 380 e.
1540 361 1569 391 g.
1593 349 1782 391 molluscis‚
1806 353 1886 397 pis·-

209 404 324 441 cibus,
360 403 504 444 avibus)
538 399 696 432 odoratus
731 397 843 440 primo
875 409 1025 440 organon
1055 399 1174 441 offert,
1205 403 1314 436 officio
1346 404 1490 436 sensuali
1518 407 1752 440 tantummodo
1783 408 1882 440 dica-

205 469 277 492 tum
301 459 388 499 (1).

248 517 296 547 Os
322 513 553 547 ethmoideum
584 511 651 542 duo
679 511 783 544 habet
813 512 979 544 foramina
1003 514 1128 554 majora
1148 515 1190 546 ad
1216 517 1494 550 transmittendos
1519 531 1638 550 nervos
1670 519 1885 562 olfactorios,

208 583 294 615 quae
324 578 421 613 septo
445 580 538 602 osseo
570 582 587 600 a
614 581 647 600 se
674 568 821 599 invicem
857 569 1106 607 sejunguntur,
1152 570 1244 612 quod
1277 580 1410 613 septum
1454 574 1669 615 cartilagine&
1711 577 1883 616 procurrit

206 626 432 671 expansione,
456 625 526 657 sere
548 635 654 668 usque
682 622 725 654 ad
745 622 866 654 ossium
889 622 960 652 nasi
980 623 1103 665 apices.
1149 624 1212 655 Hic
1242 627 1385 660 brachio
1415 628 1534 662 dextro
1567 629 1771 670 sinistroque
1802 639 1882 660 car-

208 682 363 722 tilagineo
395 680 548 721 juugitur
582 678 710 710 ossibus
745 678 913 709 nasflIIbus
949 686 1050 722 atque
1083 679 1234 711 anticum
1267 683 1400 713 narium
1433 685 1595 721 parietem
1627 683 1760 713 format.
1816 683 1879 714 In-

207 740 302 771 serne
333 735 552 778 conjungitur
582 734 709 765 ossibus
734 733 893 776 palatinis
910 757 919 774 ,
955 745 1040 777 quae
1066 733 1210 766 fundum
1234 735 1305 765 nasi
1327 737 1560 776 constituunt,
1588 745 1687 780 atque
1708 735 1745 766 in
1765 745 1880 770 exter-

209 795 260 826 nis
285 793 449 826 lateribus
477 789 642 820 foramina
663 789 860 830 (choanas)
882 788 1100 831 relinquunt,
1127 801 1211 832 quae
1243 792 1313 822 aeri
1342 791 1543 834 inspirando
1567 791 1768 823 inserviunt.
1813 791 1884 824 Sn-

207 862 314 894 perne
341 850 463 881 cavitas
483 845 607 885 tegitur
632 844 759 875 ossibus
785 844 975 882 nas-alffius,
1001 843 1124 887 quibus
1148 845 1345 876 membrana
1369 859 1386 876 a
1407 846 1478 876 basi
1502 847 1582 876 ossis
1605 846 1725 878 nasalis
1746 847 1885 879 cartila-

209 905 306 945 gine&
328 901 551 947 proveniens,
575 899 787 941 adjungitur.
833 899 964 930 Cavitas
987 900 1101 942 itaque
1123 900 1163 931 ab
1181 900 1272 931 omni
1298 909 1393 942 parte
1417 900 1488 931 fere
1509 901 1635 932 ossibus
1657 911 1707 933 est
1735 904 1887 936 circum-

209 959 298 990 data.
343 958 466 990 Nescio
484 958 586 998 igitur
610 969 653 988 an
675 964 768 988 recte
789 966 857 986 sese
879 953 1027 984 habeant
1056 954 1116 986 Cli.
1139 954 1382 985 Blainville
1411 954 1531 985 verba:
1580 970 1597 988 «
1614 956 1675 986 elle
1700 958 1754 997 (la
1776 959 1886 999 poche

208 1030 225 1048 «
245 1014 288 1046 de
311 1014 343 1045 la
371 1011 568 1044 membrano
599 1011 782 1050 olfactive)
807 1010 897 1040 n’est
920 1007 1026 1049 point
1056 1014 1257 1039 recouverte
1273 1019 1348 1050 par
1369 1009 1416 1039 les
1440 1019 1477 1039 os
1494 1031 1504 1048 ,
1536 1009 1569 1040 si
1588 1021 1626 1040 ce
1651 1011 1744 1044 n'esc
1758 1024 1835 1054 par
1854 1015 1883 1045 le

207 1085 224 1104 α
243 1070 350 1100 nasczl
369 1080 390 1098 α
412 1079 474 1098 son
498 1066 580 1097 cdte'
597 1065 767 1096 extertze’'
792 1064 831 1105 (2
847 1063 871 1105 ).

250 1124 291 1154 In
316 1120 486 1153 anteriore
511 1120 578 1159 jam
597 1128 693 1160 parte
720 1118 790 1148 nasi
814 1129 915 1160 supra
936 1129 1007 1149 ossa
1027 1116 1151 1148 nasalia
1176 1118 1397 1150 inveniuntur
1421 1130 1517 1149 nares
1534 1141 1543 1158 ‚
1566 1121 1720 1152 oxidibus
1746 1121 1883 1153 cartila-

209 1177 315 1219 gineis
332 1174 479 1206 munitae
493 1194 502 1212 ‚
529 1183 614 1214 quae
633 1171 767 1210 oxideS‚
792 1185 810 1202 a
829 1172 987 1204 musculis
1001 1172 1169 1204 nasalibus
1188 1174 1297 1216 iisque
1321 1186 1406 1216 quae
1420 1174 1546 1206 ossibus
1566 1174 1886 1207 intermaxillaribus

210 1232 398 1265 adhaerent
420 1227 621 1270 aperiuntur
643 1234 677 1257 et
700 1224 917 1257 clauduntur.

252 1289 391 1320 Interna
415 1283 593 1315 cavitatum
620 1280 815 1322 superficies
846 1281 1044 1310 membrana
1072 1282 1188 1311 vestita
1212 1288 1261 1312 est
1293 1283 1450 1318 mucosa,
1489 1295 1574 1325 qnae
1601 1284 1700 1315 variis
1727 1295 1885 1326 gyrornm

211 1340 406 1381 ambagibus
427 1337 564 1368 tandem
582 1337 617 1366 in
633 1333 839 1375 marginibus
866 1333 1071 1365 choanarum
1095 1333 1231 1366 desinit.
1276 1334 1324 1365 De
1339 1336 1449 1366 nervis
1469 1335 1650 1368 olfactoriis
1669 1347 1702 1370 et
1720 1338 1886 1385 ophthal-,

211 1397 306 1438 micis
334 1394 447 1426 statim
470 1390 656 1426 videndum
681 1398 755 1426 est,
781 1400 886 1432 quum
914 1388 1001 1422 visus
1024 1387 1225 1431 auditusque
1249 1401 1373 1430 organa
1392 1390 1643 1426 absolverimus.

997 1508 1028 1548 ς.
1073 1507 1116 1540 4..

870 1590 1004 1621 Oculus
1048 1597 1085 1621 et
1127 1591 1241 1622 visus.

257 1704 369 1738 Visus
392 1708 541 1743 organon
560 1698 597 1729 in
623 1697 808 1729 Batrachiis
837 1697 1023 1740 plurimum
1047 1709 1124 1729 cum
1147 1697 1243 1730 oculo
1262 1698 1406 1742 piscium
1432 1700 1609 1741 convenit3
1637 1709 1702 1733 tam
1722 1705 1812 1747 quod
1834 1706 1878 1738 ad

210 1768 348 1792 externa
369 1765 558 1798 tegumenta
584 1753 923 1797 magnitudinemque
946 1752 1119 1785 relativam
1144 1753 1264 1792 lentis,
1290 1767 1390 1797 quam
1419 1755 1510 1799 quod
1537 1756 1578 1786 ad
1604 1755 1698 1787 iridis
1718 1758 1883 1790 minorem

212 1812 434 1846 mobilitatem
468 1820 754 1854 processuumque
783 1807 948 1838 ciliarinm
973 1808 1137 1838 minorem
1164 1807 1400 1840 evolutionem.
1452 1810 1584 1841 Oculus
1604 1812 1693 1841 enim
1720 1813 1883 1844 maximus

218 1877 269 1901 est
289 1877 390 1911 atque
408 1865 549 1907 saliens3
574 1863 757 1907 spheroida
778 1862 975 1902 constituit,
1000 1863 1093 1902 cujus
1115 1863 1244 1904 postica
1265 1864 1365 1896 facies
1388 1865 1510 1905 tegitur
1528 1863 1755 1908 ascleroiicfi,
1777 1870 1882 1901 carti-

1829 1923 1892 1961 la-¹

210 2021 279 2045 laete
304 2020 438 2052 arrideat,
456 2018 519 2043 illud
538 2027 591 2043 esse
616 2026 665 2043 non
690 2017 818 2049 arbitror,
840 2016 905 2050 quod
926 2016 956 2041 ad
978 2016 1144 2050 inperfectam
1168 2018 1297 2051 hucusque
1325 2023 1438 2043 nostram
1461 2028 1546 2044 rerum
1571 2019 1727 2044 naturalium
1746 2019 1880 2045 scientiam

214 2067 264 2092 rite
285 2067 407 2099 applicari
429 2066 518 2098 possit.
555 2065 623 2097 Opus
643 2065 694 2097 jam
719 2063 765 2090 Cli.
787 2063 944 2089 Huschke
966 2064 1014 2089 sihi
1037 2066 1194 2098 propositum
1221 2066 1297 2091 habet
1320 2072 1349 2091 ut
1367 2066 1497 2092 ostendat.-
1516 2067 1633 2099 stigmata
1657 2066 1683 2091 in
1697 2065 1803 2092 inseetis
1821 2076 1883 2100 pro-

210 2120 325 2148 totypum
346 2122 399 2138 esse
419 2120 570 2144 organorum
591 2111 745 2136 sensualium
769 2111 794 2136 in
817 2111 990 2144 superioribus
1006 2113 1075 2145 regni
1091 2113 1209 2139 animalis
1225 2114 1366 2140 ordinibus.

245 2161 299 2195 (1)
326 2160 403 2185 Dicat
426 2160 518 2192 aliquis
539 2158 647 2183 olfactus
669 2168 780 2191 organon
801 2156 966 2192 respirationi
988 2160 1064 2184 etiam
1088 2160 1226 2190 inservire,
1253 2161 1379 2194 igiturque
1405 2167 1516 2186 nostram
1535 2161 1687 2186 sententiam
1708 2161 1797 2185 salsam
1818 2167 1883 2185 esse-

212 2208 261 2236 Sed
278 2208 302 2232 in
322 2206 486 2231 inferioribus
501 2205 637 2238 classibus,
653 2206 678 2230 in
694 2206 804 2238 piscibus
815 2228 821 2239 ⁷
839 2215 915 2231 nares
926 2212 1053 2231 externam
1068 2207 1242 2232 tantummodo
1260 2206 1354 2232 habent
1368 2213 1529 2240 aperturam,
1548 2215 1697 2240 coeczxmflue
1713 2213 1810 2231 saccum
1829 2204 1885 2229 sot—-

211 2261 289 2281 nant.
327 2255 355 2279 In
377 2255 467 2280 Proteo
486 2254 659 2280 tantummodo
678 2262 734 2279 cum
753 2253 814 2278 tubo
835 2253 975 2279 intestinali
997 2256 1178 2280 commercium
1203 2254 1296 2280 habere
1316 2255 1451 2288 incipiunt.
1487 2254 1635 2278 Primitivus
1657 2254 1732 2285 igitur
1756 2261 1813 2276 usus
1838 2261 1889 2277 so·-

212 2305 340 2331 lummodo
360 2305 481 2330 olfactum
503 2312 616 2338 spectat5
636 2306 772 2338 respiratio
794 2312 831 2331 est
854 2314 912 2332 usus
928 2304 1082 2331 adventitus.
1117 2303 1137 2328 E
1155 2312 1288 2328 nervorum
1303 2302 1486 2328 distributione
1501 2306 1638 2334 praeterea(
1649 2299 1739 2324 haecce
1754 2297 1890 2323 sententia.

211 2352 380 2378 demonstrari
391 2361 462 2385 posse
481 2352 553 2377 facilc
568 2352 633 2377 mihi
650 2352 757 2378 videtur.

247 2399 298 2434 (a)
325 2399 501 2432 Ducrotay
525 2398 561 2424 de
586 2399 780 2425 Blaiuville
801 2400 817 2426 l.
836 2399 853 2425 l·
873 2409 897 2435 p.
913 2400 968 2432 329.
