2080 2744
238 229 277 251 22
632 211 678 243 H.
767 208 807 240 L.
895 214 1018 241 VAN
1104 207 1533 247 ALTENA,

284 308 432 349 Huiusce
458 304 641 351 apophysis
666 303 861 335 interventu
884 299 952 333 ossi
969 298 1145 333 articulari
1169 298 1370 342 adjungitur
1393 303 1511 335 sutura
1535 304 1723 347 squamos&
1770 304 1840 339 Suo
1855 283 1921 351 im*

242 366 294 407 ri,
318 363 521 405 cartilaginis
543 373 608 406 ope
629 360 803 393 adhaeret·

1034 444 1065 485 §-
1112 442 1143 476 5.

673 531 766 563 Ossa
791 530 905 563 sterni
923 536 959 562 et
979 528 1252 562 extremitatum
1274 531 1510 565 anteriorum.

287 647 385 679 Pars
409 645 571 678 anterior
601 643 872 686 (extremitates
894 640 1122 682 pectorales)
1153 638 1190 670 in
1219 639 1406 676 batrachiis
1433 655 1502 676 non
1535 652 1573 677 ut
1604 644 1640 676 in
1674 644 1931 688 mammalibus‚

245 703 362 735 avibus
404 701 633 746 plurimisque
666 698 871 745 reptilibus,
906 697 1021 729 Ranae
1063 708 1166 740 quam
1205 698 1348 731 maxime
1385 700 1567 737 affinibus,
1598 711 1628 732 e.
1652 712 1683 742 g.
1717 701 1930 735 Chamae-

248 761 351 792 leon
363 767 402 791 te
415 782 425 799 ‚
451 759 479 790 L
491 772 508 790 a
520 771 536 790 c
548 759 644 791 crta
658 781 668 798 ‚
693 756 764 789 aliis
776 781 784 794 ‚
801 767 866 799 ope
888 754 1143 788 clavicularum
1159 752 1213 787 vel
1230 756 1469 799 apophysium
1490 757 1814 799 cartilagineamm
1827 783 1836 796 ,
1858 770 1935 795 cum

249 817 346 858 spina
369 815 554 848 vertebrali
575 814 806 857 conjungitur.
852 808 1089 845 Musculorum
1116 811 1353 844 tantummodo
1379 812 1574 846 interventu
1602 815 1800 856 conjunctio
1822 815 1930 847 effici-

250 883 325 909 tur,
351 874 388 904 in
410 871 605 915 sceletoque
623 871 728 913 igitur
755 879 833 914 pars
855 865 1038 912 pectoralis
1065 877 1142 897 cum
1166 865 1309 910 reliquis
1340 868 1469 900 ossibus
1494 881 1563 901 non
1587 869 1757 902 cohaeret.
1803 871 1935 903 Haecce

247 931 315 970 jam
339 940 419 972 pars
443 929 482 971 (a
511 929 618 961 Caro
640 935 759 961 vocata
780 925 937 957 vordern
961 922 1281 966 Knoclzengic'rtel)
1316 932 1467 959 constat:
1514 926 1564 958 A.
1593 932 1701 967 parte
1725 928 1932 969 scapulari,

250 987 293 1018 B.
315 992 424 1029 parte
449 986 623 1025 sterncdz‘,
656 984 708 1026 [C'.
732 988 840 1025 parte
868 979 1058 1013 brachiali.

861 1093 912 1126 A.
958 1093 1056 1126 Pars
1097 1090 1321 1135 Scapularis.

290 1211 388 1242 Pars
419 1207 622 1248 scapularis
648 1212 717 1237 tam
740 1204 777 1236 in
801 1204 944 1240 dextro,
982 1214 1084 1247 quam
1113 1203 1150 1235 in
1178 1204 1318 1237 sinistro
1344 1204 1452 1238 latere
1480 1205 1665 1247 composita
1697 1212 1766 1242 est,
1801 1204 1936 1239 duobus

246 1267 398 1298 ossibus:
448 1276 476 1296 1.
499 1262 731 1304 Expansione
759 1257 1017 1301 scapuloicleci,
1048 1265 1083 1289 et
1117 1267 1147 1290 2.
1173 1257 1334 1300 Scapzcld
1357 1260 1452 1300 ipssz,

289 1321 477 1363 Expansio
507 1317 751 1360 scapuloidea.
807 1317 855 1347 Os
883 1322 933 1347 est
964 1313 1219 1351 tenuissimum,
1249 1313 1376 1347 formae
1404 1315 1477 1349 fere
1503 1315 1701 1360 quadratae.
1749 1316 1871 1350 Latera
1898 1319 1935 1350 iu

251 1379 483 1420 cartilaginem
504 1383 650 1411 exeunt,
674 1373 728 1407 vel
751 1373 866 1417 potius
899 1378 1008 1404 totum
1028 1382 1064 1403 os
1090 1370 1348 1412 cartilagineum
1376 1379 1443 1412 est,
1466 1372 1524 1405 hic
1549 1372 1620 1406 illic
1644 1371 1799 1415 granulas
1825 1384 1932 1407 osseas

248 1437 405 1469 osscrens.
452 1430 659 1472 Cartilaginc
681 1431 782 1462 etiam
811 1440 888 1461 cum
919 1427 1058 1472 scapula
1082 1429 1155 1470 ipsa
1177 1428 1408 1470 conjungitur.
1447 1429 1524 1462 Una
1546 1428 1779 1462 tantummoda
1805 1437 1936 1463 constat

248 1493 393 1528 lamina,
420 1491 515 1532 cujus
538 1495 683 1531 utraque
700 1484 899 1529 superficies
917 1491 967 1516 est
988 1483 1101 1528 plana.
1148 1484 1294 1517 Dorsum
1314 1492 1392 1528 post
1413 1493 1516 1527 caput
1530 1485 1623 1526 tegit.
1654 1485 1695 1516 In
1714 1486 1826 1517 Rana
1842 1486 1934 1529 pipd

249 1549 410 1581 maximas
434 1546 539 1578 habet
562 1542 807 1586 expansiones,
835 1552 980 1585 quarum
1003 1540 1154 1583 analogia
1176 1552 1254 1573 cum
1277 1539 1472 1573 testudineo
1495 1549 1591 1572 scuto
1611 1541 1726 1582 negari
1749 1543 1881 1584 nequit.

294 1602 439 1647 Scapula
461 1603 536 1644 ipsa
554 1599 655 1632 offert
677 1599 847 1630 cavitatis
868 1598 1078 1639 glenoideae
1098 1605 1250 1641 partem,
1269 1597 1340 1639 qua
1364 1605 1467 1638 caput
1486 1596 1622 1627 humeri
1643 1605 1817 1638 movetur,
1841 1599 1938 1639 cujus

248 1664 285 1693 iu
308 1659 416 1692 fundo
435 1659 590 1691 foramen
612 1652 724 1687 tendit
745 1651 788 1684 ad
812 1659 946 1696 partem
975 1652 1056 1683 ossis
1078 1652 1314 1695 posteriorem.
1359 1651 1440 1682 Pars
1463 1651 1619 1694 superior
1643 1652 1723 1683 ossis
1749 1654 1935 1695 conjungi-

251 1727 306 1750 tur
350 1714 548 1758 expansioni
588 1708 845 1753 scapuloideae‚
885 1720 964 1752 pars
1007 1708 1150 1740 inferior
1193 1719 1271 1740 cum
1303 1705 1475 1739 claviculis
1492 1731 1502 1744 ‚
1538 1715 1686 1751 utraque
1726 1707 1932 1752 cartilaginis

252 1785 326 1817 ope.
371 1771 486 1803 Facies
507 1768 662 1812 superior
684 1773 737 1798 est
758 1777 926 1806 convexa,
950 1765 1094 1798 inferior
1114 1775 1261 1798 concava
1274 1788 1283 1802 ‚
1308 1762 1480 1808 nullisque
1507 1763 1769 1810 expansionibus
1787 1773 1933 1809 utraque

250 1828 377 1873 superfi
384 1828 450 1860 cies
475 1825 638 1859 notanda.

882 1908 926 1941 B.
972 1908 1070 1940 Pars
1115 1907 1303 1940 Sternalis.

292 2028 374 2058 Pars
397 2023 552 2057 sternalis
576 2024 642 2066 (1)
667 2034 753 2067 quae
771 2021 808 2053 in
825 2018 1029 2064 quibusdam
1042 2019 1223 2061 generibus
1246 2030 1275 2051 e.
1288 2030 1318 2060 g.
1343 2018 1460 2060 Pipa,
1485 2017 1588 2049 immo
1607 2017 1707 2049 etiam
1728 2018 1764 2048 in
1786 2018 1931 2062 quibus-

252 2083 346 2120 dam,
370 2093 455 2125 quae
481 2080 657 2113 observare
676 2077 787 2116 valui,
812 2077 990 2118 monstris,
1014 2078 1191 2110 maximam
1209 2077 1312 2109 habet
1331 2073 1518 2115 analogiam
1542 2084 1618 2104 cum
1644 2081 1758 2106 sterno
1781 2076 1930 2107 testudi-

1852 2143 1933 2163 num

288 2230 340 2265 (ι)
368 2230 447 2256 Linea
464 2228 582 2254 mediana
599 2227 712 2261 granulis
730 2227 808 2254 osseis
825 2227 851 2253 in
871 2226 1021 2262 cartilagine
1037 2225 1118 2254 obviis
1133 2224 1315 2259 constituitur,
1333 2233 1397 2260 quae
1410 2221 1517 2256 vestigia
1531 2228 1590 2248 sunt
1604 2221 1667 2250 ossis
1684 2221 1802 2249 centralis
1822 2222 1849 2247 in
1872 2221 1930 2247 aliis

252 2278 376 2312 uviparis,
396 2277 421 2302 in
436 2276 523 2301 avibus
534 2297 541 2309 ,
556 2276 689 2310 praecipue
704 2275 730 2301 in
739 2275 809 2309 pullo
817 2275 969 2309 gallinarum
979 2276 1183 2310 obvii,quaeque
1202 2272 1257 2300 Clo.
1275 2272 1297 2299 G
1308 2273 1438 2306 eoffroy
1457 2269 1582 2298 St.Hila
1592 2270 1640 2296 ire
1654 2268 1758 2295 maximi
1773 2276 1832 2294 usus
1843 2268 1892 2294 suit
1904 2269 1931 2294 in

251 2323 427 2351 constituenda
443 2322 559 2355 analogia
576 2324 643 2349 inter
659 2329 773 2350 steruum
789 2323 899 2349 aliorum
917 2323 1067 2350 animalium
1087 2322 1289 2349 vertebratorum
1306 2327 1331 2348 et
1343 2320 1408 2348 illud
1423 2319 1541 2355 piscium.
1570 2316 1675 2349 voyez:
1693 2315 1791 2344 Philos.
1808 2316 1929 2346 Anatom.

251 2373 324 2399 Tom.
343 2371 364 2399 Ῑ,
388 2379 444 2405 pag.
467 2379 513 2404 109
533 2376 579 2397 cte.
