2080 2744
437 198 788 232 COMMENTATIO
813 203 865 229 An
888 192 1230 241 QUAESTI‘ONEM
1253 188 1581 230 zoOLoGICAM.
1819 202 1859 235 52

171 290 362 334 gitutlinem
380 288 516 322 femoris
536 289 572 320 in
587 288 656 321 duo
674 288 816 321 brachia
835 287 1022 330 dividitur,
1040 299 1129 333 quae
1151 298 1229 320 cum
1242 288 1442 331 poplilaeis
1472 287 1688 322 conveniunt.
1723 289 1854 323 Ilaecce

173 347 312 381 brachia
334 356 444 378 ramos
472 344 664 377 extendunt
689 346 725 377 in
747 345 915 378 musculos
938 345 1041 378 tibiae
1056 370 1066 383 ,
1090 345 1171 376 tarsi
1189 351 1223 377 et
1246 344 1360 388 pedis,
1386 344 1592 388 tandemque
1615 354 1830 378 evanescunt.

212 403 356 437 Nervus
384 414 537 444 magnus
571 402 817 445 sympathz'eus
840 402 908 444 (1),
935 400 1221 443 (intercostalz’s,
1247 401 1598 444 trisplcmclmiczcs‚)
1623 401 1659 433 in
1681 402 1775 434 Rana
1793 413 1850 434 es-

173 458 306 491 culeum
325 456 508 491 duodecim
529 457 654 490 format
671 457 818 500 ganglia,
841 466 988 502 quorum
1006 455 1075 488 duo
1097 456 1267 489 anteriora
1286 467 1363 488 cum
1382 463 1505 489 trunco
1523 458 1595 498 vagi
1619 465 1653 489 et
1680 457 1847 500 trigemini

169 513 435 554 conjunguntur.

211 568 292 600 Pars
309 567 521 600 adscendens
538 569 636 602 nervi
652 569 863 613 sympatz'ci,
882 579 959 601 cum
979 574 1102 600 trunco
1123 568 1214 610 vagi
1232 579 1250 599 e
1274 567 1390 599 cranio
1408 566 1647 611 prorepentis‚
1663 570 1848 612 conjungi·

171 631 227 655 tur
249 631 283 655 et
305 631 384 668 post
408 623 686 664 conjunctionem
715 625 804 657 duos
829 636 945 657 ramos
965 624 1090 655 emittit
1106 623 1150 655 acl
1176 624 1436 666 trigemimcm5
1459 635 1590 655 ramum
1616 624 1790 657 internum
1815 634 1848 658 et

174 686 366 711 externum.
410 679 570 710 Internus
592 689 704 710 ramus
724 690 789 722 per
811 678 963 711 foramen
987 679 1096 711 intrat
1119 690 1187 723 quo
1211 689 1313 721 vagus
1336 680 1480 718 exierat,
1505 679 1548 711 ad
1574 680 1761 713 rotundum
1780 682 1846 713 tri-

166 732 291 773 gemini
314 731 483 774 ganglium
504 733 682 776 prorepit,
705 734 825 777 ibique
842 732 892 765 illi
916 733 1161 776 adglutinatur.
1205 736 1375 769 Externus
1397 748 1509 769 ramus
1531 737 1708 768 cavitatem
1723 736 1846 768 transit

168 789 337 832 tympani:
363 790 458 831 juxta
482 787 626 820 ossicula
653 787 822 820 auditoria
849 788 979 825 tendit,
1003 790 1180 823 cavitatem
1203 791 1293 824 oculi
1317 793 1446 832 intrat,
1470 790 1676 835 tandemque
1694 791 1846 826 foramen

167 855 237 886 quo
268 845 464 886 trigeminus
488 845 615 876 exierat
638 845 898 886 perterebrans,
924 857 1001 877 cum
1029 846 1102 887 ejus
1124 847 1257 888 ganglio
1275 848 1441 890 jungitur.

206 898 356 930 Inferior
379 909 458 942 pars
487 897 585 930 nervi
609 899 722 939 magni
755 900 959 943 sympathici
991 911 1095 943 super
1126 912 1244 932 omnes
1270 903 1421 935 racliidis
1451 914 1570 936 nervos
1607 903 1752 943 transit,
1776 914 1846 935 non

165 964 246 986 vero
271 963 347 984 cum
373 953 412 984 iis
442 953 479 983 in
506 964 612 984 unum
636 957 732 993 co'1‘t3
757 952 817 984 sed
842 966 861 984 a
888 966 1095 998 quocunque
1122 955 1250 998 accipit
1274 956 1520 990 ramusculumz
1547 957 1750 1000 quibuscum
1770 957 1845 990 for·-

165 1016 233 1040 mat
253 1019 358 1052 parva
383 1007 441 1039 illa
465 1007 682 1049 triangularia
706 1009 838 1050 ganglia
864 1022 882 1041 e
907 1010 1030 1054 quibus
1051 1022 1157 1055 parva
1180 1010 1321 1042 brachia
1349 1011 1387 1043 in
1419 1011 1580 1044 intestina
1608 1014 1767 1044 emicant.
1816 1013 1846 1044 Ε

164 1062 297 1105 ganglio
327 1063 420 1108 quod
454 1074 471 1095 e
501 1064 597 1097 nervi
623 1064 829 1107 sympathici
859 1067 1102 1108 conjunctione
1135 1078 1211 1098 cum
1239 1067 1360 1109 quinto
1390 1079 1494 1101 nervo
1517 1067 1639 1112 spinali
1667 1065 1845 1110 provenit,

164 1117 378 1162 aliquetenus
411 1120 552 1152 crassior
580 1132 704 1153 nervus
732 1123 910 1164 provenit,
942 1123 1002 1166 qui
1030 1125 1172 1155 arteriae
1206 1122 1370 1155 coeliacae
1398 1125 1629 1166 conjungitur.
1681 1122 1846 1166 Quinque

166 1183 296 1207 caetera
312 1175 444 1217 ganglia
462 1177 499 1207 in
519 1176 681 1207 intestina
700 1188 771 1209 sese
793 1177 958 1221 perdunt.
983 1177 1149 1210 Ultimum
1168 1177 1303 1210 nullum
1316 1190 1446 1211 ramum
1464 1179 1556 1220 edit,
1574 1190 1641 1224 quo
1663 1191 1739 1213 cum
1758 1190 1843 1211 ner-

166 1240 208 1262 vo
226 1231 440 1273 sympathico
458 1231 608 1272 oppositi
625 1231 741 1261 lateris
756 1233 895 1261 uniatur
918 1242 954 1262 et
971 1233 1143 1272 glanglion
1161 1235 1273 1274 impar
1298 1242 1490 1278 componat.

179 1369 236 1404 (ι)
262 1368 304 1400 cf.
336 1368 369 1399 E.
383 1368 421 1398 H·
438 1368 566 1406 Weber
582 1368 712 1398 anatomia
727 1376 874 1404 comparata
891 1370 964 1399 nervi
980 1368 1110 1405 sympath.
1133 1370 1236 1407 Lipsiae
1255 1372 1328 1406 1817·

1077 2375 1108 2409 G
1130 2385 1151 2409 ο
1667 2380 1839 2420 SPLAN·⁴
