<?xml version="1.0" encoding="UTF-8"?>
<!DOCTYPE html PUBLIC "-//W3C//DTD XHTML 1.0 Transitional//EN"
    "http://www.w3.org/TR/xhtml1/DTD/xhtml1-transitional.dtd">
<html xmlns="http://www.w3.org/1999/xhtml" xml:lang="en" lang="en">
 <head>
  <title>
</title>
<meta http-equiv="Content-Type" content="text/html;charset=utf-8" />
  <meta name='ocr-system' content='tesseract 3.04.00' />
  <meta name='ocr-capabilities' content='ocr_page ocr_carea ocr_par ocr_line ocrx_word'/>
</head>
<body>
  <div class='ocr_page' id='page_1' title='image "./commentatioadqua00vana_0053.png"; bbox 0 0 2080 2744; ppageno 0'>
   <div class='ocr_carea' id='block_1_1' title="bbox 440 161 1867 211">
    <p class='ocr_par' dir='ltr' id='par_1_1' title="bbox 440 161 1867 211">
     <span class='ocr_line' id='line_1_1' title="bbox 440 161 1867 211; baseline -0.006 -8"><span class='ocrx_word' id='word_1_1' title='bbox 440 166 790 203; x_wconf 78' lang='lat' dir='ltr'>COMMENTATIO</span> <span class='ocrx_word' id='word_1_2' title='bbox 816 171 867 198; x_wconf 76' lang='lat' dir='ltr'>AD</span> <span class='ocrx_word' id='word_1_3' title='bbox 890 161 1237 208; x_wconf 68' lang='lat' dir='ltr'><strong>QUAESTIONEM</strong></span> <span class='ocrx_word' id='word_1_4' title='bbox 1260 164 1593 199; x_wconf 70' lang='lat' dir='ltr'>ZOOLOGICAM.</span> <span class='ocrx_word' id='word_1_5' title='bbox 1826 170 1867 211; x_wconf 74' lang='lat'>49</span> 
     </span>
    </p>
   </div>
   <div class='ocr_carea' id='block_1_2' title="bbox 162 254 1862 2368">
    <p class='ocr_par' dir='ltr' id='par_1_2' title="bbox 176 254 1862 466">
     <span class='ocr_line' id='line_1_2' title="bbox 225 254 1862 303; baseline -0.002 -10"><span class='ocrx_word' id='word_1_6' title='bbox 225 257 339 299; x_wconf 71' lang='lat' dir='ltr'>Nervi</span> <span class='ocrx_word' id='word_1_7' title='bbox 360 261 473 303; x_wconf 78' lang='lat' dir='ltr'>optici</span> <span class='ocrx_word' id='word_1_8' title='bbox 494 267 573 290; x_wconf 88' lang='lat' dir='ltr'>sunt</span> <span class='ocrx_word' id='word_1_9' title='bbox 599 256 715 289; x_wconf 83' lang='lat' dir='ltr'>crassi.</span> <span class='ocrx_word' id='word_1_10' title='bbox 757 256 786 287; x_wconf 88' lang='lat' dir='ltr'><strong>E</strong></span> <span class='ocrx_word' id='word_1_11' title='bbox 815 254 967 287; x_wconf 77' lang='lat' dir='ltr'>thalamis</span> <span class='ocrx_word' id='word_1_12' title='bbox 989 264 1172 287; x_wconf 81' lang='lat' dir='ltr'>nervorum</span> <span class='ocrx_word' id='word_1_13' title='bbox 1201 256 1393 301; x_wconf 87' lang='lat' dir='ltr'>opticorum</span> <span class='ocrx_word' id='word_1_14' title='bbox 1417 254 1597 294; x_wconf 70' lang='lat' dir='ltr'>oriuntur‚’</span> <span class='ocrx_word' id='word_1_15' title='bbox 1619 262 1653 288; x_wconf 85' lang='lat' dir='ltr'>et</span> <span class='ocrx_word' id='word_1_16' title='bbox 1679 264 1862 300; x_wconf 78' lang='lat' dir='ltr'>postquam</span> 
     </span>
     <span class='ocr_line' id='line_1_3' title="bbox 176 312 1858 357; baseline -0.005 -4"><span class='ocrx_word' id='word_1_17' title='bbox 176 332 318 353; x_wconf 74' lang='lat' dir='ltr'>&#39;erucem</span> <span class='ocrx_word' id='word_1_18' title='bbox 335 325 449 349; x_wconf 89' lang='lat' dir='ltr'>mutuo</span> <span class='ocrx_word' id='word_1_19' title='bbox 475 314 617 345; x_wconf 81' lang='lat' dir='ltr'>transitu</span> <span class='ocrx_word' id='word_1_20' title='bbox 637 313 885 352; x_wconf 76' lang='lat' dir='ltr'><strong>formaverunt,</strong></span> <span class='ocrx_word' id='word_1_21' title='bbox 910 324 950 344; x_wconf 84' lang='lat' dir='ltr'>ex</span> <span class='ocrx_word' id='word_1_22' title='bbox 968 312 1080 345; x_wconf 73' lang='lat' dir='ltr'>antica</span> <span class='ocrx_word' id='word_1_23' title='bbox 1101 319 1197 354; x_wconf 85' lang='lat' dir='ltr'>parte</span> <span class='ocrx_word' id='word_1_24' title='bbox 1216 312 1339 344; x_wconf 87' lang='lat' dir='ltr'>ossium</span> <span class='ocrx_word' id='word_1_25' title='bbox 1356 312 1592 357; x_wconf 82' lang='lat' dir='ltr'>temporalium</span> <span class='ocrx_word' id='word_1_26' title='bbox 1606 322 1858 357; x_wconf 83' lang='lat' dir='ltr'>prorumpunt,</span> 
     </span>
     <span class='ocr_line' id='line_1_4' title="bbox 178 367 1857 415; baseline -0.005 -6"><span class='ocrx_word' id='word_1_27' title='bbox 178 378 291 409; x_wconf 88' lang='lat' dir='ltr'>statim</span> <span class='ocrx_word' id='word_1_28' title='bbox 314 375 382 415; x_wconf 81' lang='lat' dir='ltr'>jam</span> <span class='ocrx_word' id='word_1_29' title='bbox 410 370 644 403; x_wconf 85' lang='lat' dir='ltr'>sceleroticam</span> <span class='ocrx_word' id='word_1_30' title='bbox 673 368 872 413; x_wconf 81' lang='lat' dir='ltr'>perforant,</span> <span class='ocrx_word' id='word_1_31' title='bbox 907 376 942 400; x_wconf 91' lang='lat' dir='ltr'>et</span> <span class='ocrx_word' id='word_1_32' title='bbox 974 367 1155 399; x_wconf 75' lang='lat' dir='ltr'>balbulum</span> <span class='ocrx_word' id='word_1_33' title='bbox 1184 368 1340 400; x_wconf 86' lang='lat' dir='ltr'>efficiunt</span> <span class='ocrx_word' id='word_1_34' title='bbox 1357 390 1366 408; x_wconf 92' lang='lat'>‚</span> <span class='ocrx_word' id='word_1_35' title='bbox 1392 379 1410 400; x_wconf 88' lang='lat' dir='ltr'>e</span> <span class='ocrx_word' id='word_1_36' title='bbox 1441 369 1535 410; x_wconf 89' lang='lat' dir='ltr'>cujus</span> <span class='ocrx_word' id='word_1_37' title='bbox 1558 368 1720 401; x_wconf 78' lang='lat' dir='ltr'>lateribus</span> <span class='ocrx_word' id='word_1_38' title='bbox 1745 369 1857 400; x_wconf 85' lang='lat' dir='ltr'>retina</span> 
     </span>
     <span class='ocr_line' id='line_1_5' title="bbox 179 433 297 466; baseline -0.025 0"><span class='ocrx_word' id='word_1_39' title='bbox 179 433 297 466; x_wconf 82' lang='lat' dir='ltr'>oritur.</span> 
     </span>
    </p>

    <p class='ocr_par' dir='ltr' id='par_1_3' title="bbox 174 480 1858 752">
     <span class='ocr_line' id='line_1_6' title="bbox 219 480 1858 525; baseline -0.005 -6"><span class='ocrx_word' id='word_1_40' title='bbox 219 489 336 522; x_wconf 70' lang='lat' dir='ltr'>chrvi</span> <span class='ocrx_word' id='word_1_41' title='bbox 358 487 451 519; x_wconf 77' lang='lat' dir='ltr'>oculi</span> <span class='ocrx_word' id='word_1_42' title='bbox 472 485 627 517; x_wconf 70' lang='lat' dir='ltr'>motor-ii.</span> <span class='ocrx_word' id='word_1_43' title='bbox 672 484 799 514; x_wconf 84' lang='lat' dir='ltr'>Duram</span> <span class='ocrx_word' id='word_1_44' title='bbox 819 488 961 513; x_wconf 90' lang='lat' dir='ltr'>matrem</span> <span class='ocrx_word' id='word_1_45' title='bbox 982 480 1175 525; x_wconf 84' lang='lat' dir='ltr'>perforant.</span> <span class='ocrx_word' id='word_1_46' title='bbox 1214 480 1373 512; x_wconf 76' lang='lat' dir='ltr'>orbitam</span> <span class='ocrx_word' id='word_1_47' title='bbox 1396 487 1541 523; x_wconf 87' lang='lat' dir='ltr'>uterque</span> <span class='ocrx_word' id='word_1_48' title='bbox 1561 480 1694 511; x_wconf 85' lang='lat' dir='ltr'>intrans</span> <span class='ocrx_word' id='word_1_49' title='bbox 1718 480 1754 511; x_wconf 89' lang='lat' dir='ltr'>in</span> <span class='ocrx_word' id='word_1_50' title='bbox 1775 480 1858 512; x_wconf 89' lang='lat' dir='ltr'>duos</span> 
     </span>
     <span class='ocr_line' id='line_1_7' title="bbox 174 535 1857 582; baseline -0.006 -4"><span class='ocrx_word' id='word_1_51' title='bbox 174 557 284 579; x_wconf 86' lang='lat' dir='ltr'>ramos</span> <span class='ocrx_word' id='word_1_52' title='bbox 305 543 491 582; x_wconf 61' lang='lat' dir='ltr'>dividiturg</span> <span class='ocrx_word' id='word_1_53' title='bbox 517 552 627 573; x_wconf 87' lang='lat' dir='ltr'>ramus</span> <span class='ocrx_word' id='word_1_54' title='bbox 647 539 757 570; x_wconf 90' lang='lat' dir='ltr'>minor</span> <span class='ocrx_word' id='word_1_55' title='bbox 780 549 842 581; x_wconf 87' lang='lat' dir='ltr'>per</span> <span class='ocrx_word' id='word_1_56' title='bbox 872 535 1063 568; x_wconf 86' lang='lat' dir='ltr'>musculum</span> <span class='ocrx_word' id='word_1_57' title='bbox 1084 544 1216 567; x_wconf 84' lang='lat' dir='ltr'>rectum</span> <span class='ocrx_word' id='word_1_58' title='bbox 1244 536 1455 578; x_wconf 84' lang='lat' dir='ltr'>superiorem</span> <span class='ocrx_word' id='word_1_59' title='bbox 1481 535 1571 567; x_wconf 88' lang='lat' dir='ltr'>oculi</span> <span class='ocrx_word' id='word_1_60' title='bbox 1601 535 1733 576; x_wconf 85' lang='lat' dir='ltr'>tendit,</span> <span class='ocrx_word' id='word_1_61' title='bbox 1760 544 1794 568; x_wconf 89' lang='lat' dir='ltr'>et</span> <span class='ocrx_word' id='word_1_62' title='bbox 1820 536 1857 567; x_wconf 87' lang='lat' dir='ltr'>in</span> 
     </span>
     <span class='ocr_line' id='line_1_8' title="bbox 177 590 1856 643; baseline -0.007 -9"><span class='ocrx_word' id='word_1_63' title='bbox 177 602 262 634; x_wconf 76' lang='lat' dir='ltr'>facie</span> <span class='ocrx_word' id='word_1_64' title='bbox 288 611 390 643; x_wconf 87' lang='lat' dir='ltr'>super</span> <span class='ocrx_word' id='word_1_65' title='bbox 409 597 523 629; x_wconf 90' lang='lat' dir='ltr'>oculos</span> <span class='ocrx_word' id='word_1_66' title='bbox 553 595 733 627; x_wconf 79' lang='lat' dir='ltr'>evanescit.</span> <span class='ocrx_word' id='word_1_67' title='bbox 779 593 877 625; x_wconf 83' lang='lat' dir='ltr'>Alter</span> <span class='ocrx_word' id='word_1_68' title='bbox 909 604 1040 633; x_wconf 77' lang='lat' dir='ltr'>ramuS,</span> <span class='ocrx_word' id='word_1_69' title='bbox 1073 592 1110 622; x_wconf 90' lang='lat' dir='ltr'>in</span> <span class='ocrx_word' id='word_1_70' title='bbox 1141 599 1208 622; x_wconf 88' lang='lat' dir='ltr'>tres</span> <span class='ocrx_word' id='word_1_71' title='bbox 1231 602 1340 622; x_wconf 84' lang='lat' dir='ltr'>ramos</span> <span class='ocrx_word' id='word_1_72' title='bbox 1372 590 1562 632; x_wconf 78' lang='lat' dir='ltr'>dividitur,</span> <span class='ocrx_word' id='word_1_73' title='bbox 1595 603 1740 635; x_wconf 87' lang='lat' dir='ltr'>quorum</span> <span class='ocrx_word' id='word_1_74' title='bbox 1770 604 1856 624; x_wconf 87' lang='lat' dir='ltr'>unus</span> 
     </span>
     <span class='ocr_line' id='line_1_9' title="bbox 176 647 1857 691; baseline -0.005 -2"><span class='ocrx_word' id='word_1_75' title='bbox 176 660 213 690; x_wconf 86' lang='lat' dir='ltr'>in</span> <span class='ocrx_word' id='word_1_76' title='bbox 241 654 392 688; x_wconf 84' lang='lat' dir='ltr'>musculo</span> <span class='ocrx_word' id='word_1_77' title='bbox 417 653 605 685; x_wconf 84' lang='lat' dir='ltr'>adductore</span> <span class='ocrx_word' id='word_1_78' title='bbox 636 651 725 684; x_wconf 91' lang='lat' dir='ltr'>oculi</span> <span class='ocrx_word' id='word_1_79' title='bbox 747 649 890 691; x_wconf 84' lang='lat' dir='ltr'>desinit,</span> <span class='ocrx_word' id='word_1_80' title='bbox 913 648 1083 682; x_wconf 89' lang='lat' dir='ltr'>secundus</span> <span class='ocrx_word' id='word_1_81' title='bbox 1112 649 1149 680; x_wconf 88' lang='lat' dir='ltr'>in</span> <span class='ocrx_word' id='word_1_82' title='bbox 1175 647 1327 681; x_wconf 90' lang='lat' dir='ltr'>musculo</span> <span class='ocrx_word' id='word_1_83' title='bbox 1350 655 1445 680; x_wconf 80' lang='lat' dir='ltr'>recto</span> <span class='ocrx_word' id='word_1_84' title='bbox 1468 647 1628 680; x_wconf 82' lang='lat' dir='ltr'>inferiore</span> <span class='ocrx_word' id='word_1_85' title='bbox 1644 671 1654 689; x_wconf 89' lang='lat'>‚</span> <span class='ocrx_word' id='word_1_86' title='bbox 1680 648 1797 681; x_wconf 82' lang='lat' dir='ltr'>tertius</span> <span class='ocrx_word' id='word_1_87' title='bbox 1822 650 1857 681; x_wconf 87' lang='lat' dir='ltr'>in</span> 
     </span>
     <span class='ocr_line' id='line_1_10' title="bbox 175 708 644 752; baseline -0.015 -7"><span class='ocrx_word' id='word_1_88' title='bbox 175 711 327 745; x_wconf 86' lang='lat' dir='ltr'>musculo</span> <span class='ocrx_word' id='word_1_89' title='bbox 352 721 471 751; x_wconf 77' lang='lat' dir='ltr'>magno</span> <span class='ocrx_word' id='word_1_90' title='bbox 491 708 644 752; x_wconf 83' lang='lat' dir='ltr'>obliquo.</span> 
     </span>
    </p>

    <p class='ocr_par' dir='ltr' id='par_1_4' title="bbox 177 760 1861 917">
     <span class='ocr_line' id='line_1_11' title="bbox 219 760 1861 808; baseline -0.003 -8"><span class='ocrx_word' id='word_1_91' title='bbox 219 770 370 802; x_wconf 68' lang='lat' dir='ltr'>Nemus</span> <span class='ocrx_word' id='word_1_92' title='bbox 394 772 543 808; x_wconf 75' lang='lat' dir='ltr'>uterque</span> <span class='ocrx_word' id='word_1_93' title='bbox 565 763 781 807; x_wconf 69' lang='lat' dir='ltr'><em>patheticus</em></span> <span class='ocrx_word' id='word_1_94' title='bbox 801 773 890 808; x_wconf 83' lang='lat' dir='ltr'>pone</span> <span class='ocrx_word' id='word_1_95' title='bbox 917 761 1051 805; x_wconf 84' lang='lat' dir='ltr'>priores</span> <span class='ocrx_word' id='word_1_96' title='bbox 1076 760 1196 793; x_wconf 82' lang='lat' dir='ltr'>duram</span> <span class='ocrx_word' id='word_1_97' title='bbox 1226 768 1370 793; x_wconf 83' lang='lat' dir='ltr'>matrem</span> <span class='ocrx_word' id='word_1_98' title='bbox 1406 762 1550 802; x_wconf 80' lang='lat' dir='ltr'>transit,</span> <span class='ocrx_word' id='word_1_99' title='bbox 1577 762 1780 804; x_wconf 83' lang='lat' dir='ltr'>gracillimus</span> <span class='ocrx_word' id='word_1_100' title='bbox 1810 772 1861 796; x_wconf 81' lang='lat' dir='ltr'>est</span> 
     </span>
     <span class='ocr_line' id='line_1_12' title="bbox 178 817 1859 864; baseline -0.003 -7"><span class='ocrx_word' id='word_1_101' title='bbox 178 825 327 858; x_wconf 75' lang='lat' dir='ltr'>omnium</span> <span class='ocrx_word' id='word_1_102' title='bbox 358 833 562 861; x_wconf 80' lang='lat' dir='ltr'>nervorum,</span> <span class='ocrx_word' id='word_1_103' title='bbox 587 821 647 864; x_wconf 84' lang='lat' dir='ltr'>qui</span> <span class='ocrx_word' id='word_1_104' title='bbox 676 832 693 851; x_wconf 90' lang='lat' dir='ltr'>e</span> <span class='ocrx_word' id='word_1_105' title='bbox 726 819 798 851; x_wconf 86' lang='lat' dir='ltr'>basi</span> <span class='ocrx_word' id='word_1_106' title='bbox 831 819 939 850; x_wconf 80' lang='lat' dir='ltr'>cranii</span> <span class='ocrx_word' id='word_1_107' title='bbox 972 817 1192 862; x_wconf 87' lang='lat' dir='ltr'>proveniunt.</span> <span class='ocrx_word' id='word_1_108' title='bbox 1246 817 1288 849; x_wconf 79' lang='lat' dir='ltr'>In</span> <span class='ocrx_word' id='word_1_109' title='bbox 1309 817 1454 850; x_wconf 87' lang='lat' dir='ltr'>orbitam</span> <span class='ocrx_word' id='word_1_110' title='bbox 1475 826 1634 862; x_wconf 84' lang='lat' dir='ltr'>penetrat</span> <span class='ocrx_word' id='word_1_111' title='bbox 1655 827 1689 850; x_wconf 86' lang='lat' dir='ltr'>et</span> <span class='ocrx_word' id='word_1_112' title='bbox 1710 831 1859 862; x_wconf 82' lang='lat' dir='ltr'>superne</span> 
     </span>
     <span class='ocr_line' id='line_1_13' title="bbox 177 873 1040 917; baseline -0.01 -3"><span class='ocrx_word' id='word_1_113' title='bbox 177 881 319 915; x_wconf 84' lang='lat' dir='ltr'>tendens</span> <span class='ocrx_word' id='word_1_114' title='bbox 333 904 342 916; x_wconf 87' lang='lat'><strong>‚</strong></span> <span class='ocrx_word' id='word_1_115' title='bbox 367 880 402 908; x_wconf 90' lang='lat' dir='ltr'>in</span> <span class='ocrx_word' id='word_1_116' title='bbox 424 876 576 908; x_wconf 87' lang='lat' dir='ltr'>musculo</span> <span class='ocrx_word' id='word_1_117' title='bbox 598 887 719 915; x_wconf 83' lang='lat' dir='ltr'>magno</span> <span class='ocrx_word' id='word_1_118' title='bbox 742 875 882 917; x_wconf 86' lang='lat' dir='ltr'>obliquo</span> <span class='ocrx_word' id='word_1_119' title='bbox 904 873 1040 905; x_wconf 85' lang='lat' dir='ltr'>desinit.</span> 
     </span>
    </p>

    <p class='ocr_par' dir='ltr' id='par_1_5' title="bbox 171 928 1853 1027">
     <span class='ocr_line' id='line_1_14' title="bbox 215 928 1853 976; baseline -0.006 -8"><span class='ocrx_word' id='word_1_120' title='bbox 215 936 331 971; x_wconf 76' lang='lat' dir='ltr'>Nervi</span> <span class='ocrx_word' id='word_1_121' title='bbox 358 932 567 975; x_wconf 78' lang='lat' dir='ltr'>trigemini.-</span> <span class='ocrx_word' id='word_1_122' title='bbox 603 942 725 962; x_wconf 77' lang='lat' dir='ltr'>ramus</span> <span class='ocrx_word' id='word_1_123' title='bbox 758 929 1045 972; x_wconf 70' lang='lat' dir='ltr'>ophthalmicus,</span> <span class='ocrx_word' id='word_1_124' title='bbox 1068 928 1231 961; x_wconf 76' lang='lat' dir='ltr'><em>maxillae</em></span> <span class='ocrx_word' id='word_1_125' title='bbox 1255 929 1463 972; x_wconf 72' lang='lat' dir='ltr'>inferioris,</span> <span class='ocrx_word' id='word_1_126' title='bbox 1494 937 1531 965; x_wconf 78' lang='lat' dir='ltr'>et</span> <span class='ocrx_word' id='word_1_127' title='bbox 1555 932 1720 965; x_wconf 77' lang='lat' dir='ltr'>maxillae</span> <span class='ocrx_word' id='word_1_128' title='bbox 1743 943 1853 976; x_wconf 72' lang='lat' dir='ltr'>supe-</span> 
     </span>
     <span class='ocr_line' id='line_1_15' title="bbox 171 989 438 1027; baseline -0.034 0"><span class='ocrx_word' id='word_1_129' title='bbox 171 994 281 1027; x_wconf 74' lang='lat' dir='ltr'>rioris</span> <span class='ocrx_word' id='word_1_130' title='bbox 304 989 438 1021; x_wconf 79' lang='lat' dir='ltr'>adsunt.</span> 
     </span>
    </p>

    <p class='ocr_par' dir='ltr' id='par_1_6' title="bbox 169 1040 1853 1369">
     <span class='ocr_line' id='line_1_16' title="bbox 216 1040 1853 1088; baseline -0.004 -5"><span class='ocrx_word' id='word_1_131' title='bbox 216 1050 359 1083; x_wconf 69' lang='lat' dir='ltr'>Nervus</span> <span class='ocrx_word' id='word_1_132' title='bbox 384 1045 660 1088; x_wconf 71' lang='lat' dir='ltr'>ophthalmicus.</span> <span class='ocrx_word' id='word_1_133' title='bbox 706 1044 777 1077; x_wconf 85' lang='lat' dir='ltr'>Sub</span> <span class='ocrx_word' id='word_1_134' title='bbox 797 1043 918 1076; x_wconf 86' lang='lat' dir='ltr'>duram</span> <span class='ocrx_word' id='word_1_135' title='bbox 949 1050 1091 1074; x_wconf 84' lang='lat' dir='ltr'>matrem</span> <span class='ocrx_word' id='word_1_136' title='bbox 1113 1040 1323 1085; x_wconf 82' lang='lat' dir='ltr'>aliquamdiu</span> <span class='ocrx_word' id='word_1_137' title='bbox 1346 1053 1555 1087; x_wconf 80' lang='lat' dir='ltr'>prorepens,</span> <span class='ocrx_word' id='word_1_138' title='bbox 1591 1051 1709 1086; x_wconf 85' lang='lat' dir='ltr'>postea</span> <span class='ocrx_word' id='word_1_139' title='bbox 1735 1055 1853 1076; x_wconf 87' lang='lat' dir='ltr'>erum-</span> 
     </span>
     <span class='ocr_line' id='line_1_17' title="bbox 172 1099 1852 1151; baseline -0.004 -12"><span class='ocrx_word' id='word_1_140' title='bbox 172 1108 227 1151; x_wconf 83' lang='lat' dir='ltr'>pit</span> <span class='ocrx_word' id='word_1_141' title='bbox 250 1107 286 1138; x_wconf 89' lang='lat' dir='ltr'>in</span> <span class='ocrx_word' id='word_1_142' title='bbox 309 1103 465 1136; x_wconf 85' lang='lat' dir='ltr'>orbitam.</span> <span class='ocrx_word' id='word_1_143' title='bbox 510 1102 609 1133; x_wconf 78' lang='lat' dir='ltr'>Juxta</span> <span class='ocrx_word' id='word_1_144' title='bbox 630 1102 794 1145; x_wconf 85' lang='lat' dir='ltr'>parietem</span> <span class='ocrx_word' id='word_1_145' title='bbox 825 1101 1000 1131; x_wconf 85' lang='lat' dir='ltr'>internum</span> <span class='ocrx_word' id='word_1_146' title='bbox 1029 1099 1159 1131; x_wconf 84' lang='lat' dir='ltr'>orbitae</span> <span class='ocrx_word' id='word_1_147' title='bbox 1187 1109 1416 1142; x_wconf 78' lang='lat' dir='ltr'>procur1·en5‚</span> <span class='ocrx_word' id='word_1_148' title='bbox 1444 1099 1566 1129; x_wconf 84' lang='lat' dir='ltr'>transit</span> <span class='ocrx_word' id='word_1_149' title='bbox 1592 1111 1654 1143; x_wconf 82' lang='lat' dir='ltr'>per</span> <span class='ocrx_word' id='word_1_150' title='bbox 1686 1099 1852 1132; x_wconf 74' lang='lat' dir='ltr'>foramina</span> 
     </span>
     <span class='ocr_line' id='line_1_18' title="bbox 175 1153 1852 1208; baseline -0.004 -13"><span class='ocrx_word' id='word_1_151' title='bbox 175 1175 261 1208; x_wconf 84' lang='lat' dir='ltr'>quae</span> <span class='ocrx_word' id='word_1_152' title='bbox 276 1173 312 1194; x_wconf 89' lang='lat' dir='ltr'>os</span> <span class='ocrx_word' id='word_1_153' title='bbox 334 1158 564 1192; x_wconf 88' lang='lat' dir='ltr'>ethmoideum</span> <span class='ocrx_word' id='word_1_154' title='bbox 586 1156 628 1188; x_wconf 83' lang='lat' dir='ltr'>ad</span> <span class='ocrx_word' id='word_1_155' title='bbox 650 1156 754 1189; x_wconf 83' lang='lat' dir='ltr'>latera</span> <span class='ocrx_word' id='word_1_156' title='bbox 777 1157 1028 1199; x_wconf 85' lang='lat' dir='ltr'>perterebrant.</span> <span class='ocrx_word' id='word_1_157' title='bbox 1052 1155 1193 1196; x_wconf 88' lang='lat' dir='ltr'>Jamjam</span> <span class='ocrx_word' id='word_1_158' title='bbox 1210 1154 1247 1185; x_wconf 89' lang='lat' dir='ltr'>in</span> <span class='ocrx_word' id='word_1_159' title='bbox 1267 1154 1406 1186; x_wconf 84' lang='lat' dir='ltr'>cavitate</span> <span class='ocrx_word' id='word_1_160' title='bbox 1422 1153 1526 1185; x_wconf 79' lang='lat' dir='ltr'>nasali</span> <span class='ocrx_word' id='word_1_161' title='bbox 1548 1154 1631 1187; x_wconf 88' lang='lat' dir='ltr'>duos</span> <span class='ocrx_word' id='word_1_162' title='bbox 1651 1157 1852 1200; x_wconf 88' lang='lat' dir='ltr'>praecipuos</span> 
     </span>
     <span class='ocr_line' id='line_1_19' title="bbox 174 1209 1851 1256; baseline -0.007 -6"><span class='ocrx_word' id='word_1_163' title='bbox 174 1218 299 1250; x_wconf 86' lang='lat' dir='ltr'>emittit</span> <span class='ocrx_word' id='word_1_164' title='bbox 331 1226 462 1251; x_wconf 88' lang='lat' dir='ltr'>ramos,</span> <span class='ocrx_word' id='word_1_165' title='bbox 487 1224 632 1256; x_wconf 85' lang='lat' dir='ltr'>quorum</span> <span class='ocrx_word' id='word_1_166' title='bbox 654 1225 741 1244; x_wconf 87' lang='lat' dir='ltr'>unus</span> <span class='ocrx_word' id='word_1_167' title='bbox 773 1213 809 1244; x_wconf 89' lang='lat' dir='ltr'>in</span> <span class='ocrx_word' id='word_1_168' title='bbox 832 1212 941 1243; x_wconf 87' lang='lat' dir='ltr'>lineae</span> <span class='ocrx_word' id='word_1_169' title='bbox 960 1210 1138 1243; x_wconf 83' lang='lat' dir='ltr'>medianae</span> <span class='ocrx_word' id='word_1_170' title='bbox 1166 1209 1355 1241; x_wconf 85' lang='lat' dir='ltr'>directione</span> <span class='ocrx_word' id='word_1_171' title='bbox 1386 1221 1594 1252; x_wconf 85' lang='lat' dir='ltr'>procurrens</span> <span class='ocrx_word' id='word_1_172' title='bbox 1610 1235 1619 1251; x_wconf 94' lang='lat'>,</span> <span class='ocrx_word' id='word_1_173' title='bbox 1644 1213 1708 1244; x_wconf 87' lang='lat' dir='ltr'>ossi</span> <span class='ocrx_word' id='word_1_174' title='bbox 1735 1213 1851 1245; x_wconf 86' lang='lat' dir='ltr'>inter-</span> 
     </span>
     <span class='ocr_line' id='line_1_20' title="bbox 169 1263 1851 1312; baseline 0.012 -30"><span class='ocrx_word' id='word_1_175' title='bbox 169 1272 340 1307; x_wconf 54' lang='lat' dir='ltr'><strong>maxillafi</strong></span> <span class='ocrx_word' id='word_1_176' title='bbox 362 1269 546 1303; x_wconf 68' lang='lat' dir='ltr'>adhaeret,</span> <span class='ocrx_word' id='word_1_177' title='bbox 571 1266 656 1297; x_wconf 79' lang='lat' dir='ltr'>alter</span> <span class='ocrx_word' id='word_1_178' title='bbox 684 1276 766 1297; x_wconf 55' lang='lat' dir='ltr'>vero</span> <span class='ocrx_word' id='word_1_179' title='bbox 796 1263 924 1307; x_wconf 78' lang='lat' dir='ltr'>partim</span> <span class='ocrx_word' id='word_1_180' title='bbox 950 1265 1112 1295; x_wconf 85' lang='lat' dir='ltr'>inseritur</span> <span class='ocrx_word' id='word_1_181' title='bbox 1140 1263 1276 1294; x_wconf 81' lang='lat' dir='ltr'>narium</span> <span class='ocrx_word' id='word_1_182' title='bbox 1297 1272 1476 1309; x_wconf 84' lang='lat' dir='ltr'>aperturae</span> <span class='ocrx_word' id='word_1_183' title='bbox 1510 1274 1693 1309; x_wconf 75' lang='lat' dir='ltr'>externae,</span> <span class='ocrx_word' id='word_1_184' title='bbox 1726 1270 1851 1312; x_wconf 81' lang='lat' dir='ltr'>partim</span> 
     </span>
     <span class='ocr_line' id='line_1_21' title="bbox 169 1327 744 1369; baseline -0.019 -6"><span class='ocrx_word' id='word_1_185' title='bbox 169 1327 322 1363; x_wconf 84' lang='lat' dir='ltr'>musculo</span> <span class='ocrx_word' id='word_1_186' title='bbox 346 1337 414 1369; x_wconf 85' lang='lat' dir='ltr'>quo</span> <span class='ocrx_word' id='word_1_187' title='bbox 437 1334 535 1355; x_wconf 82' lang='lat' dir='ltr'>nares</span> <span class='ocrx_word' id='word_1_188' title='bbox 556 1329 744 1354; x_wconf 81' lang='lat' dir='ltr'>moventur.</span> 
     </span>
    </p>

    <p class='ocr_par' dir='ltr' id='par_1_7' title="bbox 165 1376 1850 1701">
     <span class='ocr_line' id='line_1_22' title="bbox 212 1376 1850 1422; baseline -0.001 -7"><span class='ocrx_word' id='word_1_189' title='bbox 212 1385 356 1418; x_wconf 71' lang='lat' dir='ltr'>Nervus</span> <span class='ocrx_word' id='word_1_190' title='bbox 380 1380 544 1413; x_wconf 78' lang='lat' dir='ltr'>maxillae</span> <span class='ocrx_word' id='word_1_191' title='bbox 567 1378 768 1420; x_wconf 75' lang='lat' dir='ltr'>superioris</span> <span class='ocrx_word' id='word_1_192' title='bbox 787 1400 797 1416; x_wconf 91' lang='lat'>,</span> <span class='ocrx_word' id='word_1_193' title='bbox 833 1387 938 1411; x_wconf 78' lang='lat' dir='ltr'>nervo</span> <span class='ocrx_word' id='word_1_194' title='bbox 963 1376 1115 1409; x_wconf 72' lang='lat' dir='ltr'>maxillae</span> <span class='ocrx_word' id='word_1_195' title='bbox 1140 1377 1308 1410; x_wconf 86' lang='lat' dir='ltr'>inferioris</span> <span class='ocrx_word' id='word_1_196' title='bbox 1338 1377 1374 1409; x_wconf 90' lang='lat' dir='ltr'>in</span> <span class='ocrx_word' id='word_1_197' title='bbox 1401 1379 1531 1421; x_wconf 61' lang='lat' dir='ltr'>origine</span> <span class='ocrx_word' id='word_1_198' title='bbox 1554 1380 1764 1422; x_wconf 81' lang='lat' dir='ltr'>adjungitur.</span> <span class='ocrx_word' id='word_1_199' title='bbox 1810 1381 1850 1414; x_wconf 89' lang='lat' dir='ltr'>In</span> 
     </span>
     <span class='ocr_line' id='line_1_23' title="bbox 165 1432 1848 1479; baseline -0.002 -6"><span class='ocrx_word' id='word_1_200' title='bbox 165 1440 366 1473; x_wconf 82' lang='lat' dir='ltr'>inferiorem</span> <span class='ocrx_word' id='word_1_201' title='bbox 398 1445 532 1479; x_wconf 85' lang='lat' dir='ltr'>partem</span> <span class='ocrx_word' id='word_1_202' title='bbox 559 1435 687 1466; x_wconf 82' lang='lat' dir='ltr'>orbitae</span> <span class='ocrx_word' id='word_1_203' title='bbox 718 1432 816 1464; x_wconf 88' lang='lat' dir='ltr'>simul</span> <span class='ocrx_word' id='word_1_204' title='bbox 844 1434 945 1465; x_wconf 89' lang='lat' dir='ltr'>ambo</span> <span class='ocrx_word' id='word_1_205' title='bbox 973 1434 1182 1478; x_wconf 81' lang='lat' dir='ltr'>perveniunt</span> <span class='ocrx_word' id='word_1_206' title='bbox 1203 1434 1323 1478; x_wconf 89' lang='lat' dir='ltr'>ibique</span> <span class='ocrx_word' id='word_1_207' title='bbox 1354 1434 1570 1468; x_wconf 85' lang='lat' dir='ltr'>dividuntur.</span> <span class='ocrx_word' id='word_1_208' title='bbox 1623 1437 1752 1469; x_wconf 87' lang='lat' dir='ltr'>Nervus</span> <span class='ocrx_word' id='word_1_209' title='bbox 1774 1450 1848 1469; x_wconf 87' lang='lat' dir='ltr'>ma-</span> 
     </span>
     <span class='ocr_line' id='line_1_24' title="bbox 170 1489 1844 1537; baseline -0.002 -8"><span class='ocrx_word' id='word_1_210' title='bbox 170 1496 270 1530; x_wconf 79' lang='lat' dir='ltr'>xillae</span> <span class='ocrx_word' id='word_1_211' title='bbox 304 1492 507 1537; x_wconf 82' lang='lat' dir='ltr'>superioris,</span> <span class='ocrx_word' id='word_1_212' title='bbox 540 1492 634 1532; x_wconf 75' lang='lat' dir='ltr'>juxta</span> <span class='ocrx_word' id='word_1_213' title='bbox 665 1489 840 1521; x_wconf 88' lang='lat' dir='ltr'>internum</span> <span class='ocrx_word' id='word_1_214' title='bbox 866 1489 995 1521; x_wconf 86' lang='lat' dir='ltr'>orbitae</span> <span class='ocrx_word' id='word_1_215' title='bbox 1023 1489 1187 1532; x_wconf 84' lang='lat' dir='ltr'>parietem</span> <span class='ocrx_word' id='word_1_216' title='bbox 1212 1501 1361 1532; x_wconf 85' lang='lat' dir='ltr'>repens,</span> <span class='ocrx_word' id='word_1_217' title='bbox 1393 1491 1429 1522; x_wconf 86' lang='lat' dir='ltr'>in</span> <span class='ocrx_word' id='word_1_218' title='bbox 1456 1490 1524 1523; x_wconf 88' lang='lat' dir='ltr'>duo</span> <span class='ocrx_word' id='word_1_219' title='bbox 1547 1492 1687 1523; x_wconf 78' lang='lat' dir='ltr'>brachia</span> <span class='ocrx_word' id='word_1_220' title='bbox 1714 1492 1844 1525; x_wconf 83' lang='lat' dir='ltr'>dividi-</span> 
     </span>
     <span class='ocr_line' id='line_1_25' title="bbox 169 1545 1848 1593; baseline -0.004 -9"><span class='ocrx_word' id='word_1_221' title='bbox 169 1561 245 1591; x_wconf 85' lang='lat' dir='ltr'>tur,</span> <span class='ocrx_word' id='word_1_222' title='bbox 267 1560 414 1593; x_wconf 86' lang='lat' dir='ltr'>quorum</span> <span class='ocrx_word' id='word_1_223' title='bbox 432 1548 604 1577; x_wconf 89' lang='lat' dir='ltr'>internum</span> <span class='ocrx_word' id='word_1_224' title='bbox 627 1545 799 1577; x_wconf 88' lang='lat' dir='ltr'>filamenta</span> <span class='ocrx_word' id='word_1_225' title='bbox 817 1545 942 1577; x_wconf 86' lang='lat' dir='ltr'>emittit</span> <span class='ocrx_word' id='word_1_226' title='bbox 966 1545 1008 1577; x_wconf 89' lang='lat' dir='ltr'>ad</span> <span class='ocrx_word' id='word_1_227' title='bbox 1030 1545 1200 1588; x_wconf 73' lang='lat' dir='ltr'>palatum,</span> <span class='ocrx_word' id='word_1_228' title='bbox 1226 1545 1269 1576; x_wconf 82' lang='lat' dir='ltr'>ad</span> <span class='ocrx_word' id='word_1_229' title='bbox 1294 1557 1391 1577; x_wconf 87' lang='lat' dir='ltr'>nares</span> <span class='ocrx_word' id='word_1_230' title='bbox 1416 1555 1448 1578; x_wconf 81' lang='lat' dir='ltr'>et</span> <span class='ocrx_word' id='word_1_231' title='bbox 1468 1547 1511 1578; x_wconf 79' lang='lat' dir='ltr'>ad</span> <span class='ocrx_word' id='word_1_232' title='bbox 1527 1547 1665 1585; x_wconf 88' lang='lat' dir='ltr'>faciem,</span> <span class='ocrx_word' id='word_1_233' title='bbox 1684 1549 1743 1579; x_wconf 80' lang='lat' dir='ltr'>ubi</span> <span class='ocrx_word' id='word_1_234' title='bbox 1765 1561 1848 1582; x_wconf 82' lang='lat' dir='ltr'>eva-</span> 
     </span>
     <span class='ocr_line' id='line_1_26' title="bbox 167 1600 1848 1642; baseline 0 -2"><span class='ocrx_word' id='word_1_235' title='bbox 167 1606 289 1640; x_wconf 81' lang='lat' dir='ltr'>nescit.</span> <span class='ocrx_word' id='word_1_236' title='bbox 335 1603 493 1636; x_wconf 82' lang='lat' dir='ltr'>Alterum</span> <span class='ocrx_word' id='word_1_237' title='bbox 516 1611 596 1633; x_wconf 90' lang='lat' dir='ltr'>vero</span> <span class='ocrx_word' id='word_1_238' title='bbox 618 1600 797 1631; x_wconf 81' lang='lat' dir='ltr'>brachium</span> <span class='ocrx_word' id='word_1_239' title='bbox 819 1609 996 1632; x_wconf 75' lang='lat' dir='ltr'>externum</span> <span class='ocrx_word' id='word_1_240' title='bbox 1015 1601 1147 1632; x_wconf 82' lang='lat' dir='ltr'>orbitae</span> <span class='ocrx_word' id='word_1_241' title='bbox 1167 1600 1334 1642; x_wconf 85' lang='lat' dir='ltr'>parietem</span> <span class='ocrx_word' id='word_1_242' title='bbox 1357 1602 1542 1639; x_wconf 82' lang='lat' dir='ltr'>transiens,</span> <span class='ocrx_word' id='word_1_243' title='bbox 1575 1604 1617 1634; x_wconf 85' lang='lat' dir='ltr'>ad</span> <span class='ocrx_word' id='word_1_244' title='bbox 1652 1605 1848 1640; x_wconf 85' lang='lat' dir='ltr'>inferiorem</span> 
     </span>
     <span class='ocr_line' id='line_1_27' title="bbox 170 1654 1749 1701; baseline -0.001 -6"><span class='ocrx_word' id='word_1_245' title='bbox 170 1661 374 1695; x_wconf 83' lang='lat' dir='ltr'>anteriorem</span> <span class='ocrx_word' id='word_1_246' title='bbox 396 1666 529 1701; x_wconf 84' lang='lat' dir='ltr'>partem</span> <span class='ocrx_word' id='word_1_247' title='bbox 550 1656 680 1688; x_wconf 80' lang='lat' dir='ltr'>orbitae</span> <span class='ocrx_word' id='word_1_248' title='bbox 702 1656 739 1686; x_wconf 91' lang='lat' dir='ltr'>in</span> <span class='ocrx_word' id='word_1_249' title='bbox 761 1654 882 1687; x_wconf 83' lang='lat' dir='ltr'>faciem</span> <span class='ocrx_word' id='word_1_250' title='bbox 903 1656 1073 1696; x_wconf 81' lang='lat' dir='ltr'>excurrit,</span> <span class='ocrx_word' id='word_1_251' title='bbox 1096 1656 1212 1699; x_wconf 86' lang='lat' dir='ltr'>ibique</span> <span class='ocrx_word' id='word_1_252' title='bbox 1235 1655 1304 1686; x_wconf 78' lang='lat' dir='ltr'>leni</span> <span class='ocrx_word' id='word_1_253' title='bbox 1325 1655 1531 1688; x_wconf 84' lang='lat' dir='ltr'>detrimento</span> <span class='ocrx_word' id='word_1_254' title='bbox 1552 1659 1749 1693; x_wconf 83' lang='lat' dir='ltr'>absumitur.</span> 
     </span>
    </p>

    <p class='ocr_par' dir='ltr' id='par_1_8' title="bbox 168 1710 1847 1981">
     <span class='ocr_line' id='line_1_28' title="bbox 209 1710 1847 1759; baseline -0.002 -9"><span class='ocrx_word' id='word_1_255' title='bbox 209 1719 354 1752; x_wconf 74' lang='lat' dir='ltr'>Nervus</span> <span class='ocrx_word' id='word_1_256' title='bbox 389 1715 553 1746; x_wconf 77' lang='lat' dir='ltr'>maxillae</span> <span class='ocrx_word' id='word_1_257' title='bbox 574 1712 782 1756; x_wconf 77' lang='lat' dir='ltr'>inferioris,</span> <span class='ocrx_word' id='word_1_258' title='bbox 801 1711 901 1744; x_wconf 86' lang='lat' dir='ltr'>simul</span> <span class='ocrx_word' id='word_1_259' title='bbox 928 1724 1004 1744; x_wconf 89' lang='lat' dir='ltr'>cum</span> <span class='ocrx_word' id='word_1_260' title='bbox 1021 1712 1079 1743; x_wconf 91' lang='lat' dir='ltr'>illo</span> <span class='ocrx_word' id='word_1_261' title='bbox 1097 1710 1251 1744; x_wconf 76' lang='lat' dir='ltr'>maxillae</span> <span class='ocrx_word' id='word_1_262' title='bbox 1269 1712 1452 1757; x_wconf 85' lang='lat' dir='ltr'>superioris</span> <span class='ocrx_word' id='word_1_263' title='bbox 1471 1714 1507 1744; x_wconf 85' lang='lat' dir='ltr'>in</span> <span class='ocrx_word' id='word_1_264' title='bbox 1523 1714 1668 1746; x_wconf 82' lang='lat' dir='ltr'>orbitam</span> <span class='ocrx_word' id='word_1_265' title='bbox 1688 1720 1847 1759; x_wconf 70' lang='lat' dir='ltr'>pervenit</span> 
     </span>
     <span class='ocr_line' id='line_1_29' title="bbox 170 1768 1842 1814; baseline 0.005 -16"><span class='ocrx_word' id='word_1_266' title='bbox 170 1783 205 1809; x_wconf 65' lang='lat' dir='ltr'>et</span> <span class='ocrx_word' id='word_1_267' title='bbox 223 1772 427 1807; x_wconf 61' lang='lat' dir='ltr'>vel-[icaliter</span> <span class='ocrx_word' id='word_1_268' title='bbox 454 1770 523 1802; x_wconf 84' lang='lat' dir='ltr'>sere</span> <span class='ocrx_word' id='word_1_269' title='bbox 548 1768 751 1807; x_wconf 83' lang='lat' dir='ltr'>descendit,</span> <span class='ocrx_word' id='word_1_270' title='bbox 774 1770 865 1803; x_wconf 84' lang='lat' dir='ltr'>inter</span> <span class='ocrx_word' id='word_1_271' title='bbox 889 1769 1056 1812; x_wconf 83' lang='lat' dir='ltr'>posticam</span> <span class='ocrx_word' id='word_1_272' title='bbox 1079 1768 1210 1800; x_wconf 88' lang='lat' dir='ltr'>orbitae</span> <span class='ocrx_word' id='word_1_273' title='bbox 1232 1778 1364 1811; x_wconf 86' lang='lat' dir='ltr'>partem</span> <span class='ocrx_word' id='word_1_274' title='bbox 1385 1778 1418 1800; x_wconf 89' lang='lat' dir='ltr'>et</span> <span class='ocrx_word' id='word_1_275' title='bbox 1444 1781 1478 1801; x_wconf 89' lang='lat' dir='ltr'>os</span> <span class='ocrx_word' id='word_1_276' title='bbox 1505 1771 1701 1814; x_wconf 81' lang='lat' dir='ltr'>temporale.</span> <span class='ocrx_word' id='word_1_277' title='bbox 1748 1774 1842 1806; x_wconf 88' lang='lat' dir='ltr'>Fila-</span> 
     </span>
     <span class='ocr_line' id='line_1_30' title="bbox 171 1824 1842 1871; baseline 0 -8"><span class='ocrx_word' id='word_1_278' title='bbox 171 1837 286 1863; x_wconf 86' lang='lat' dir='ltr'>menta</span> <span class='ocrx_word' id='word_1_279' title='bbox 306 1830 342 1859; x_wconf 89' lang='lat' dir='ltr'>in</span> <span class='ocrx_word' id='word_1_280' title='bbox 370 1826 538 1858; x_wconf 84' lang='lat' dir='ltr'>musculos</span> <span class='ocrx_word' id='word_1_281' title='bbox 568 1825 768 1871; x_wconf 82' lang='lat' dir='ltr'>temporales</span> <span class='ocrx_word' id='word_1_282' title='bbox 795 1833 829 1857; x_wconf 81' lang='lat' dir='ltr'>et</span> <span class='ocrx_word' id='word_1_283' title='bbox 859 1824 1096 1869; x_wconf 79' lang='lat' dir='ltr'>pterygoideos</span> <span class='ocrx_word' id='word_1_284' title='bbox 1118 1825 1262 1861; x_wconf 84' lang='lat' dir='ltr'>emittit,</span> <span class='ocrx_word' id='word_1_285' title='bbox 1289 1833 1365 1857; x_wconf 86' lang='lat' dir='ltr'>ante</span> <span class='ocrx_word' id='word_1_286' title='bbox 1394 1826 1667 1861; x_wconf 84' lang='lat' dir='ltr'>articulationem</span> <span class='ocrx_word' id='word_1_287' title='bbox 1690 1831 1842 1863; x_wconf 80' lang='lat' dir='ltr'>maxillae</span> 
     </span>
     <span class='ocr_line' id='line_1_31' title="bbox 168 1880 1837 1931; baseline 0.001 -13"><span class='ocrx_word' id='word_1_288' title='bbox 168 1884 342 1918; x_wconf 87' lang='lat' dir='ltr'>inferioris</span> <span class='ocrx_word' id='word_1_289' title='bbox 361 1883 535 1923; x_wconf 81' lang='lat' dir='ltr'>flectitur,</span> <span class='ocrx_word' id='word_1_290' title='bbox 559 1883 714 1914; x_wconf 82' lang='lat' dir='ltr'>internae</span> <span class='ocrx_word' id='word_1_291' title='bbox 733 1882 877 1924; x_wconf 84' lang='lat' dir='ltr'>hujusce</span> <span class='ocrx_word' id='word_1_292' title='bbox 903 1880 1056 1914; x_wconf 85' lang='lat' dir='ltr'>maxillae</span> <span class='ocrx_word' id='word_1_293' title='bbox 1081 1881 1275 1924; x_wconf 86' lang='lat' dir='ltr'>superficiei</span> <span class='ocrx_word' id='word_1_294' title='bbox 1291 1881 1437 1913; x_wconf 88' lang='lat' dir='ltr'>ramulos</span> <span class='ocrx_word' id='word_1_295' title='bbox 1463 1883 1606 1922; x_wconf 83' lang='lat' dir='ltr'>tribuit,</span> <span class='ocrx_word' id='word_1_296' title='bbox 1632 1885 1837 1931; x_wconf 87' lang='lat' dir='ltr'>tandemque</span> 
     </span>
     <span class='ocr_line' id='line_1_32' title="bbox 174 1937 1557 1981; baseline -0.002 -7"><span class='ocrx_word' id='word_1_297' title='bbox 174 1940 304 1974; x_wconf 79' lang='lat' dir='ltr'>ossibus</span> <span class='ocrx_word' id='word_1_298' title='bbox 330 1938 652 1971; x_wconf 77' lang='lat' dir='ltr'>intermaxillaribus</span> <span class='ocrx_word' id='word_1_299' title='bbox 677 1939 860 1981; x_wconf 82' lang='lat' dir='ltr'>adjunctus</span> <span class='ocrx_word' id='word_1_300' title='bbox 875 1963 886 1976; x_wconf 86' lang='lat'>‚</span> <span class='ocrx_word' id='word_1_301' title='bbox 908 1938 945 1970; x_wconf 86' lang='lat' dir='ltr'>in</span> <span class='ocrx_word' id='word_1_302' title='bbox 970 1937 1116 1980; x_wconf 85' lang='lat' dir='ltr'>linguam</span> <span class='ocrx_word' id='word_1_303' title='bbox 1133 1937 1272 1975; x_wconf 83' lang='lat' dir='ltr'>emicat,</span> <span class='ocrx_word' id='word_1_304' title='bbox 1296 1938 1356 1969; x_wconf 88' lang='lat' dir='ltr'>ubi</span> <span class='ocrx_word' id='word_1_305' title='bbox 1377 1940 1557 1972; x_wconf 86' lang='lat' dir='ltr'>evanescit.</span> 
     </span>
    </p>

    <p class='ocr_par' dir='ltr' id='par_1_9' title="bbox 168 1993 1838 2152">
     <span class='ocr_line' id='line_1_33' title="bbox 217 1993 1838 2044; baseline 0.001 -14"><span class='ocrx_word' id='word_1_306' title='bbox 217 1997 335 2031; x_wconf 63' lang='lat' dir='ltr'>Nervi</span> <span class='ocrx_word' id='word_1_307' title='bbox 348 1996 518 2039; x_wconf 73' lang='lat' dir='ltr'>fizcz&#39;ales.</span> <span class='ocrx_word' id='word_1_308' title='bbox 564 1994 718 2026; x_wconf 83' lang='lat' dir='ltr'>Graciles</span> <span class='ocrx_word' id='word_1_309' title='bbox 740 2002 819 2026; x_wconf 85' lang='lat' dir='ltr'>sunt</span> <span class='ocrx_word' id='word_1_310' title='bbox 836 1995 952 2035; x_wconf 84' lang='lat' dir='ltr'>nervi,</span> <span class='ocrx_word' id='word_1_311' title='bbox 976 1995 1018 2026; x_wconf 89' lang='lat' dir='ltr'>ob</span> <span class='ocrx_word' id='word_1_312' title='bbox 1039 1994 1206 2026; x_wconf 87' lang='lat' dir='ltr'>labiorum</span> <span class='ocrx_word' id='word_1_313' title='bbox 1224 1993 1414 2032; x_wconf 82' lang='lat' dir='ltr'>defectum,</span> <span class='ocrx_word' id='word_1_314' title='bbox 1439 2003 1541 2039; x_wconf 88' lang='lat' dir='ltr'>atque</span> <span class='ocrx_word' id='word_1_315' title='bbox 1565 1996 1662 2029; x_wconf 81' lang='lat' dir='ltr'>faciei</span> <span class='ocrx_word' id='word_1_316' title='bbox 1688 1999 1838 2044; x_wconf 82' lang='lat' dir='ltr'>superfi—</span> 
     </span>
     <span class='ocr_line' id='line_1_34' title="bbox 168 2051 1837 2096; baseline -0.001 -9"><span class='ocrx_word' id='word_1_317' title='bbox 168 2055 258 2087; x_wconf 80' lang='lat' dir='ltr'>&#39;ciem</span> <span class='ocrx_word' id='word_1_318' title='bbox 282 2051 439 2085; x_wconf 86' lang='lat' dir='ltr'>musculis</span> <span class='ocrx_word' id='word_1_319' title='bbox 472 2051 542 2083; x_wconf 87' lang='lat' dir='ltr'>sere</span> <span class='ocrx_word' id='word_1_320' title='bbox 569 2062 639 2082; x_wconf 88' lang='lat' dir='ltr'>non</span> <span class='ocrx_word' id='word_1_321' title='bbox 666 2051 832 2084; x_wconf 79' lang='lat' dir='ltr'>vestitam.</span> <span class='ocrx_word' id='word_1_322' title='bbox 885 2051 1038 2095; x_wconf 86' lang='lat' dir='ltr'>Quidam</span> <span class='ocrx_word' id='word_1_323' title='bbox 1075 2062 1192 2083; x_wconf 84' lang='lat' dir='ltr'>eorum</span> <span class='ocrx_word' id='word_1_324' title='bbox 1220 2051 1304 2082; x_wconf 86' lang='lat' dir='ltr'>rami</span> <span class='ocrx_word' id='word_1_325' title='bbox 1333 2051 1465 2082; x_wconf 88' lang='lat' dir='ltr'>minimi</span> <span class='ocrx_word' id='word_1_326' title='bbox 1494 2062 1684 2096; x_wconf 85' lang='lat' dir='ltr'>apparent,</span> <span class='ocrx_word' id='word_1_327' title='bbox 1719 2066 1837 2088; x_wconf 86' lang='lat' dir='ltr'>eorum</span> 
     </span>
     <span class='ocr_line' id='line_1_35' title="bbox 168 2105 1522 2152; baseline -0.001 -11"><span class='ocrx_word' id='word_1_328' title='bbox 168 2121 249 2143; x_wconf 66' lang='lat' dir='ltr'>vero</span> <span class='ocrx_word' id='word_1_329' title='bbox 271 2107 407 2140; x_wconf 82' lang='lat' dir='ltr'>difficile</span> <span class='ocrx_word' id='word_1_330' title='bbox 428 2116 478 2139; x_wconf 87' lang='lat' dir='ltr'>est</span> <span class='ocrx_word' id='word_1_331' title='bbox 497 2108 641 2139; x_wconf 81' lang='lat' dir='ltr'>scrutari</span> <span class='ocrx_word' id='word_1_332' title='bbox 659 2105 931 2141; x_wconf 80' lang='lat' dir='ltr'>ramifieationes.</span> <span class='ocrx_word' id='word_1_333' title='bbox 976 2109 1135 2139; x_wconf 85' lang='lat' dir='ltr'>Truncus</span> <span class='ocrx_word' id='word_1_334' title='bbox 1158 2117 1292 2152; x_wconf 86' lang='lat' dir='ltr'>semper</span> <span class='ocrx_word' id='word_1_335' title='bbox 1313 2107 1522 2141; x_wconf 85' lang='lat' dir='ltr'>observatur.</span> 
     </span>
    </p>

    <p class='ocr_par' dir='ltr' id='par_1_10' title="bbox 162 2162 1833 2264">
     <span class='ocr_line' id='line_1_36' title="bbox 162 2162 1833 2208; baseline -0.002 -10"><span class='ocrx_word' id='word_1_336' title='bbox 162 2174 166 2178; x_wconf 83' lang='lat'>&#39;</span> <span class='ocrx_word' id='word_1_337' title='bbox 207 2166 322 2198; x_wconf 70' lang='lat' dir='ltr'>Nervi</span> <span class='ocrx_word' id='word_1_338' title='bbox 343 2165 516 2203; x_wconf 75' lang='lat' dir='ltr'>acustiei,</span> <span class='ocrx_word' id='word_1_339' title='bbox 540 2164 659 2197; x_wconf 87' lang='lat' dir='ltr'>breves</span> <span class='ocrx_word' id='word_1_340' title='bbox 679 2164 816 2208; x_wconf 84' lang='lat' dir='ltr'>quidem</span> <span class='ocrx_word' id='word_1_341' title='bbox 839 2173 940 2205; x_wconf 83' lang='lat' dir='ltr'>sunt,</span> <span class='ocrx_word' id='word_1_342' title='bbox 962 2162 1021 2196; x_wconf 85' lang='lat' dir='ltr'>sed</span> <span class='ocrx_word' id='word_1_343' title='bbox 1043 2163 1163 2201; x_wconf 88' lang='lat' dir='ltr'>crassi,</span> <span class='ocrx_word' id='word_1_344' title='bbox 1187 2171 1221 2195; x_wconf 87' lang='lat' dir='ltr'>et</span> <span class='ocrx_word' id='word_1_345' title='bbox 1242 2163 1492 2208; x_wconf 87' lang='lat' dir='ltr'>quodammodo</span> <span class='ocrx_word' id='word_1_346' title='bbox 1513 2165 1711 2199; x_wconf 87' lang='lat' dir='ltr'>rubicundi.</span> <span class='ocrx_word' id='word_1_347' title='bbox 1753 2167 1833 2201; x_wconf 68' lang='lat' dir='ltr'>Sta-</span> 
     </span>
     <span class='ocr_line' id='line_1_37' title="bbox 165 2219 1403 2264; baseline 0 -11"><span class='ocrx_word' id='word_1_348' title='bbox 165 2222 228 2253; x_wconf 72' lang='lat' dir='ltr'>tim</span> <span class='ocrx_word' id='word_1_349' title='bbox 249 2233 266 2254; x_wconf 87' lang='lat' dir='ltr'>e</span> <span class='ocrx_word' id='word_1_350' title='bbox 286 2221 401 2253; x_wconf 84' lang='lat' dir='ltr'>cranio</span> <span class='ocrx_word' id='word_1_351' title='bbox 424 2219 635 2263; x_wconf 86' lang='lat' dir='ltr'>prosilientes</span> <span class='ocrx_word' id='word_1_352' title='bbox 657 2220 891 2264; x_wconf 71' lang='lat' dir='ltr'>labyrinthum</span> <span class='ocrx_word' id='word_1_353' title='bbox 913 2221 1067 2258; x_wconf 87' lang='lat' dir='ltr'>intrant,</span> <span class='ocrx_word' id='word_1_354' title='bbox 1090 2220 1151 2252; x_wconf 90' lang='lat' dir='ltr'>ubi</span> <span class='ocrx_word' id='word_1_355' title='bbox 1173 2230 1290 2251; x_wconf 90' lang='lat' dir='ltr'>eorum</span> <span class='ocrx_word' id='word_1_356' title='bbox 1313 2219 1403 2253; x_wconf 79' lang='lat' dir='ltr'>finis.</span> 
     </span>
    </p>

    <p class='ocr_par' dir='ltr' id='par_1_11' title="bbox 207 2274 1831 2324">
     <span class='ocr_line' id='line_1_38' title="bbox 207 2274 1831 2324; baseline 0.001 -14"><span class='ocrx_word' id='word_1_357' title='bbox 207 2278 350 2311; x_wconf 68' lang='lat' dir='ltr'>Nervus</span> <span class='ocrx_word' id='word_1_358' title='bbox 379 2288 496 2318; x_wconf 76' lang='lat' dir='ltr'>vagus</span> <span class='ocrx_word' id='word_1_359' title='bbox 528 2283 677 2318; x_wconf 77' lang='lat' dir='ltr'>uterque</span> <span class='ocrx_word' id='word_1_360' title='bbox 700 2278 767 2311; x_wconf 87' lang='lat' dir='ltr'>sive</span> <span class='ocrx_word' id='word_1_361' title='bbox 788 2277 1166 2320; x_wconf 67' lang='lat' dir='ltr'>pnezano-gastricus.</span> <span class='ocrx_word' id='word_1_362' title='bbox 1210 2274 1452 2315; x_wconf 86' lang='lat' dir='ltr'>Pulmonibus,</span> <span class='ocrx_word' id='word_1_363' title='bbox 1477 2276 1595 2319; x_wconf 84' lang='lat' dir='ltr'>cordi,</span> <span class='ocrx_word' id='word_1_364' title='bbox 1621 2280 1831 2324; x_wconf 79' lang='lat' dir='ltr'>oesophagO,</span> 
     </span>
    </p>

    <p class='ocr_par' dir='ltr' id='par_1_12' title="bbox 1080 2334 1829 2368">
     <span class='ocr_line' id='line_1_39' title="bbox 1080 2334 1829 2368; baseline 0.003 -2"><span class='ocrx_word' id='word_1_365' title='bbox 1080 2334 1112 2366; x_wconf 89' lang='lat' dir='ltr'>G</span> <span class='ocrx_word' id='word_1_366' title='bbox 1741 2347 1829 2368; x_wconf 76' lang='lat' dir='ltr'>ven-</span> 
     </span>
    </p>
   </div>
  </div>
 </body>
</html>
