2080 2744
233 236 280 271 50
638 229 686 265 H.
771 230 816 263 L.⁴
901 234 1024 265 vau
1112 230 1541 270 ALTENA,

239 323 334 358 omni
355 321 493 366 corpori
521 328 590 355 tam
609 320 811 363 vegetabili,
835 327 938 367 quam
954 320 1114 363 animali,
1137 321 1208 355 vita
1233 322 1417 365 generalis,
1440 323 1628 368 unicuique
1651 332 1733 357 vero
1751 324 1926 359 membro-

239 393 318 415 rum
358 381 427 414 vita
463 377 686 412 individualis
721 377 947 422 conceditur,
983 377 1028 412 ad
1063 375 1190 411 caudae
1223 389 1388 413 ranarum
1413 379 1663 424 depositionem
1692 380 1933 425 explicandam

245 438 376 482 egregie
402 435 563 481 adaptata
591 435 676 467 mihi
697 435 766 468 visa
789 444 851 469 est.

287 493 406 528 Gauda
424 493 528 536 igitur
543 517 553 534 ,
576 503 619 525 ex
639 491 747 526 hocce
768 501 967 537 systemate,
989 492 1094 528 vitam
1118 492 1223 526 habet
1249 493 1521 532 individualem,
1546 504 1624 527 cum
1653 493 1754 528 totius
1779 494 1936 529 animalis

242 552 311 586 vita
337 550 602 586 cohaerentem,
635 548 774 581 minime
804 560 886 582 vero
916 549 1074 582 eandem.
1132 550 1307 592 Quamdiu
1342 551 1449 584 cauda
1478 551 1615 583 animali
1640 553 1831 584 necessaria
1859 561 1933 590 ests..

244 607 412 653 quamdiu
431 608 534 640 vitam
553 605 635 639 vivit
652 617 750 638 rsuam
775 603 912 638 vitalem
933 616 998 638 nec
1017 604 1061 637 ad
1082 604 1201 639 ultima
1226 608 1314 641 vitae
1337 608 1446 641 stadia
1472 609 1648 651 pervenit,
1673 607 1805 641 tamdiu
1835 608 1936 652 viget.

243 666 373 699 Natura
397 664 490 697 enim
511 662 593 704 legis
613 661 843 706 parcimoniae
865 673 1001 706 semper
1028 674 1156 695 memor
1171 687 1180 704 ,
1208 662 1310 696 talem
1340 664 1445 696 vitam
1473 664 1601 696 caudae
1627 664 1772 706 tribuit,
1795 672 1834 698 ut
1861 673 1935 699 tum

245 721 387 766 quidem
411 732 518 765 quum
544 719 698 752 membra
726 719 915 762 posteriora
936 728 1016 753 sunt
1041 719 1170 753 evoluta
1186 743 1196 761 ‚
1226 719 1336 753 cauda
1365 721 1469 754 vitam
1499 719 1700 763 peregerit,
1724 722 1934 766 propriaque

247 779 310 822 {ut
331 778 380 810 ita
403 777 538 819 dicam)
562 784 670 808 morte
695 785 826 819 pereat.

289 834 422 868 Eodem
442 833 533 866 enim
554 832 614 865 illo
636 841 810 876 tempore,
834 841 905 866 tota
924 833 995 867 fere
1016 834 1192 878 absorptio
1213 841 1246 866 et
1266 833 1504 877 transspiratio
1527 841 1654 873 cessat,
1677 832 1839 878 succique
1858 833 1937 867 ani—

245 890 350 924 males
382 898 597 932 stagnantes,
635 898 741 922 totam
766 891 882 933 organi
905 900 1061 923 naturam
1085 890 1285 935 depravant.
1340 893 1504 932 Organon
1533 890 1638 931 igitur
1672 898 1830 924 naturam.
1857 901 1938 923 mu-

248 955 324 980 tans
339 972 350 985 ‚
388 945 543 978 stimulus
579 954 630 978 est
667 946 789 978 vicinis
820 947 971 991 corporis
1000 947 1175 991 partibus,
1220 946 1341 980 eodem
1385 958 1454 990 quo
1488 954 1586 979 antea
1623 945 1728 978 modo
1757 946 1938 981 vivescen-

249 1003 353 1036 tibus.
411 1003 533 1034 Omnis
564 1002 712 1035 irritatio
754 1014 871 1035 succos
906 1002 1035 1045 allicit,
1075 1004 1208 1046 sanguis
1250 1003 1354 1046 igitur
1393 1003 1515 1045 majori
1553 1014 1655 1046 quam
1691 1010 1791 1035 antea
1829 1002 1938 1035 afflu-

249 1069 299 1093 ιιι
322 1066 438 1102 partes
476 1060 565 1101 petit
593 1058 766 1099 irritatas-‚3
798 1059 1021 1092 inflammatio
1052 1059 1167 1093 locum
1200 1060 1379 1102 adoritur,
1414 1058 1620 1105 putrefactio
1647 1059 1818 1105 sequitur.
1861 1059 1938 1091 Pu·

246 1115 406 1149 trefactio
441 1116 511 1156 jam
546 1114 641 1159 prius
670 1116 944 1148 membranaceas
981 1117 1108 1150 caudae
1147 1127 1260 1161 partes
1294 1117 1480 1162 depravat,
1518 1117 1588 1158 jam
1618 1116 1690 1158 jam
1724 1124 1805 1149 vero
1841 1115 1936 1149 irre·

244 1172 301 1216 pit
328 1172 366 1203 in
390 1170 582 1207 musculos,
615 1171 937 1215 cartilaginosasque
964 1175 1136 1206 vertebras
1168 1174 1343 1215 cauda1e53
1383 1184 1529 1218 quarum
1560 1172 1728 1216 quaedam
1758 1173 1824 1215 (an
1852 1181 1940 1215 pro-

246 1228 326 1273 prio
350 1226 520 1270 periosteo
550 1225 773 1270 involutae?)
797 1240 832 1260 os
856 1231 1010 1272 coccygis
1031 1230 1203 1270 formant,
1225 1242 1370 1272 quarum
1400 1229 1555 1272 reliquae
1583 1229 1780 1272 putrefiunt
1806 1236 1842 1262 et
1871 1228 1941 1261 de·

249 1286 386 1320 cidunt.

289 1345 382 1376 Tum
403 1353 483 1375 vero
504 1349 538 1374 et
555 1341 693 1374 illorum
714 1342 842 1374 theoria
871 1343 912 1385 (e
934 1351 1086 1376 veterum
1104 1343 1146 1375 de
1169 1342 1261 1375 ranis
1281 1339 1463 1387 paradoxis
1484 1341 1598 1385 pravis
1616 1340 1794 1373 sententiis
1815 1340 1938 1374 oriun-

247 1400 333 1443 da),
356 1400 440 1431 {alsa
458 1399 598 1431 omnino
612 1398 786 1432 videbitur
801 1424 810 1436 ‚
835 1399 1082 1442 explicantium
1106 1399 1231 1432 caudae
1255 1397 1428 1430 defectum
1450 1397 1488 1428 in
1511 1397 1596 1428 rana
1618 1396 1735 1430 adulta
1751 1397 1822 1431 itae
1847 1409 1936 1431 cau-

250 1456 296 1489 da
320 1456 548 1496 absorbetur,
568 1454 625 1487 vel
654 1455 767 1497 potius
793 1456 834 1487 ab
857 1455 998 1487 animale
1025 1456 1062 1486 in
1092 1466 1215 1498 corpus
1240 1453 1447 1491 retrahitur,
1476 1452 1630 1497 indeque
1662 1454 1835 1487 evanescit
1857 1454 1936 1497 (2)-

248 1514 348 1558 Quae
371 1512 541 1545 sententia
563 1511 646 1544 licet
671 1512 783 1543 minus
810 1523 910 1551 vera,
934 1511 1049 1544 forsan
1074 1511 1157 1543 oriri
1188 1510 1337 1557 potuisse
1367 1509 1507 1546 v1detur
1531 1522 1549 1542 e
1576 1510 1794 1554 quarundam
1817 1516 1937 1547 Verte-2

248 1571 395 1603 brarum
414 1567 609 1603 caudalium
635 1569 919 1602 transmutatione
941 1569 978 1601 in
997 1581 1032 1601 os
1056 1568 1218 1612 coccygis.

249 1728 263 1746 ι
278 1717 412 1746 emetitur.
447 1714 573 1749 Tempore
589 1715 766 1742 defoliationis
783 1715 846 1742 solia
863 1715 915 1742 fato
931 1714 1007 1741 senili
1020 1714 1204 1751 succumbunt,
1221 1715 1274 1742 vita
1293 1715 1320 1741 in
1336 1714 1470 1742 arboribus
1485 1715 1632 1749 superstite.
1658 1713 1727 1740 Haec
1742 1720 1812 1741 mors
1825 1712 1942 1750 proxima

249 1776 264 1794 ι
277 1765 454 1792 defoliationis
471 1773 545 1789 causa
564 1773 617 1789 esse
635 1763 745 1790 videtur.

279 1823 305 1842 2.
340 1825 352 1840 n
368 1813 439 1838 Folia
460 1818 561 1837 mortua
577 1812 664 1836 cadem
687 1811 742 1845 lege
763 1812 793 1838 de
810 1814 889 1838 ramis
906 1813 1056 1846 solvuntur,
1075 1821 1102 1838 ac
1120 1812 1146 1838 in
1163 1817 1217 1838 toto
1239 1820 1315 1845 regno
1331 1811 1451 1844 organico
1475 1819 1534 1845 pars
1556 1815 1658 1836 mortua
1682 1818 1728 1843 per
1751 1806 1940 1835 absorbtionem

247 1872 261 1890 ι
274 1859 386 1888 laminae
402 1860 509 1885 xlvcntis
526 1860 633 1885 ultimae
647 1860 677 1885 dc
695 1866 768 1893 parte
785 1861 841 1887 viva
859 1863 1023 1894 separatur.⁷'

281 1909 338 1944 (ι)
365 1908 462 1933 Mirum
484 1909 589 1934 omnino
613 1908 679 1934 mihi
701 1909 788 1935 visum
805 1915 858 1944 cst,
878 1909 971 1936 hancce
987 1910 1069 1936 adhuc
1087 1909 1239 1936 sententiam
1259 1908 1369 1935 inveniri
1392 1908 1419 1933 in
1437 1906 1606 1933 Gulielmi
1620 1905 1749 1932 vrolik
1766 1903 1887 1940 opusculo
1908 1902 1941 1930 de

244 1957 309 1985 rana
323 1956 460 1990 paradoxa.
484 1956 622 1990 (Natuurk.
641 1957 755 1992 Bijdrag.
770 1958 820 1987 ΠΙ.
842 1968 898 1993 pag.
914 1959 998 1994 250‚)
1019 1958 1143 1994 dicentis,
1163 1969 1174 1985 n
1189 1967 1249 1984 voor
1270 1958 1314 1984 dat
1331 1957 1415 1984 hunne
1432 1955 1618 1992 (gyrinorum)
1637 1960 1720 1982 staart
1731 1954 1788 1980 zich
1805 1958 1878 1988 tet-ug
1892 1960 1940 1988 ge·

246 2015 261 2038 »
275 2004 389 2034 ιτοΙςΙωη
406 2004 504 2032 heesw

1070 2179 1126 2233 ἐξ
