<?xml version="1.0" encoding="UTF-8"?>
<!DOCTYPE html PUBLIC "-//W3C//DTD XHTML 1.0 Transitional//EN"
    "http://www.w3.org/TR/xhtml1/DTD/xhtml1-transitional.dtd">
<html xmlns="http://www.w3.org/1999/xhtml" xml:lang="en" lang="en">
 <head>
  <title>
</title>
<meta http-equiv="Content-Type" content="text/html;charset=utf-8" />
  <meta name='ocr-system' content='tesseract 3.04.00' />
  <meta name='ocr-capabilities' content='ocr_page ocr_carea ocr_par ocr_line ocrx_word'/>
</head>
<body>
  <div class='ocr_page' id='page_1' title='image "./commentatioadqua00vana_0045.png"; bbox 0 0 2080 2744; ppageno 0'>
   <div class='ocr_carea' id='block_1_1' title="bbox 403 189 1848 234">
    <p class='ocr_par' dir='ltr' id='par_1_1' title="bbox 403 189 1848 234">
     <span class='ocr_line' id='line_1_1' title="bbox 403 189 1848 234; baseline 0.001 -11"><span class='ocrx_word' id='word_1_1' title='bbox 403 189 753 223; x_wconf 77' lang='lat' dir='ltr'><strong>COMMENTATIO</strong></span> <span class='ocrx_word' id='word_1_2' title='bbox 777 197 828 221; x_wconf 76' lang='lat' dir='ltr'><strong>AD</strong></span> <span class='ocrx_word' id='word_1_3' title='bbox 853 189 1194 234; x_wconf 68' lang='lat' dir='ltr'><strong>QUAESTIONEM</strong></span> <span class='ocrx_word' id='word_1_4' title='bbox 1218 190 1542 224; x_wconf 76' lang='lat' dir='ltr'><strong>ZOOLOGICAM.</strong></span> <span class='ocrx_word' id='word_1_5' title='bbox 1809 193 1848 225; x_wconf 77' lang='lat'><strong>41</strong></span> 
     </span>
    </p>
   </div>
   <div class='ocr_carea' id='block_1_2' title="bbox 168 278 1855 2053">
    <p class='ocr_par' dir='ltr' id='par_1_2' title="bbox 173 278 1848 380">
     <span class='ocr_line' id='line_1_2' title="bbox 219 278 1848 323; baseline 0.001 -12"><span class='ocrx_word' id='word_1_6' title='bbox 219 278 347 322; x_wconf 86' lang='lat' dir='ltr'><strong>Suapte</strong></span> <span class='ocrx_word' id='word_1_7' title='bbox 370 291 450 310; x_wconf 85' lang='lat' dir='ltr'><strong>rana</strong></span> <span class='ocrx_word' id='word_1_8' title='bbox 476 281 606 323; x_wconf 84' lang='lat' dir='ltr'><strong>saepius</strong></span> <span class='ocrx_word' id='word_1_9' title='bbox 629 280 760 312; x_wconf 85' lang='lat' dir='ltr'>hancce</span> <span class='ocrx_word' id='word_1_10' title='bbox 783 279 1038 323; x_wconf 85' lang='lat' dir='ltr'><strong>epidermidem·</strong></span> <span class='ocrx_word' id='word_1_11' title='bbox 1056 289 1183 319; x_wconf 84' lang='lat' dir='ltr'><strong>mutat,</strong></span> <span class='ocrx_word' id='word_1_12' title='bbox 1208 292 1248 312; x_wconf 82' lang='lat' dir='ltr'><strong>ex</strong></span> <span class='ocrx_word' id='word_1_13' title='bbox 1272 283 1338 323; x_wconf 64' lang='lat' dir='ltr'><strong>qud</strong></span> <span class='ocrx_word' id='word_1_14' title='bbox 1366 281 1550 313; x_wconf 87' lang='lat' dir='ltr'><strong>mutatione</strong></span> <span class='ocrx_word' id='word_1_15' title='bbox 1581 281 1633 312; x_wconf 92' lang='lat' dir='ltr'><strong>Cl.</strong></span> <span class='ocrx_word' id='word_1_16' title='bbox 1657 290 1786 313; x_wconf 83' lang='lat' dir='ltr'><strong>nostras</strong></span> <span class='ocrx_word' id='word_1_17' title='bbox 1810 282 1848 313; x_wconf 91' lang='lat' dir='ltr'><strong>P.</strong></span> 
     </span>
     <span class='ocr_line' id='line_1_3' title="bbox 173 336 1551 380; baseline 0.002 -14"><span class='ocrx_word' id='word_1_18' title='bbox 173 336 399 368; x_wconf 87' lang='lat' dir='ltr'><strong>Boddaert</strong></span> <span class='ocrx_word' id='word_1_19' title='bbox 424 337 589 368; x_wconf 80' lang='lat' dir='ltr'>conclusit</span> <span class='ocrx_word' id='word_1_20' title='bbox 614 349 730 368; x_wconf 86' lang='lat' dir='ltr'><strong>ranam</strong></span> <span class='ocrx_word' id='word_1_21' title='bbox 751 336 875 380; x_wconf 88' lang='lat' dir='ltr'><strong>pellem</strong></span> <span class='ocrx_word' id='word_1_22' title='bbox 893 345 1021 368; x_wconf 88' lang='lat' dir='ltr'><strong>mutare</strong></span> <span class='ocrx_word' id='word_1_23' title='bbox 1047 338 1133 378; x_wconf 81' lang='grc'><strong>(1),</strong></span> <span class='ocrx_word' id='word_1_24' title='bbox 1159 337 1249 380; x_wconf 76' lang='lat' dir='ltr'><strong>quod</strong></span> <span class='ocrx_word' id='word_1_25' title='bbox 1270 336 1390 368; x_wconf 88' lang='lat' dir='ltr'><strong>falsum</strong></span> <span class='ocrx_word' id='word_1_26' title='bbox 1408 337 1551 369; x_wconf 85' lang='lat' dir='ltr'><strong>videtur.</strong></span> 
     </span>
    </p>

    <p class='ocr_par' dir='ltr' id='par_1_3' title="bbox 168 392 1850 603">
     <span class='ocr_line' id='line_1_4' title="bbox 215 392 1850 437; baseline 0.001 -15"><span class='ocrx_word' id='word_1_27' title='bbox 215 392 362 434; x_wconf 81' lang='lat' dir='ltr'><strong>Cryptae</strong></span> <span class='ocrx_word' id='word_1_28' title='bbox 382 393 449 433; x_wconf 88' lang='lat' dir='ltr'><strong>jam</strong></span> <span class='ocrx_word' id='word_1_29' title='bbox 470 406 554 436; x_wconf 89' lang='lat' dir='ltr'><strong>quae</strong></span> <span class='ocrx_word' id='word_1_30' title='bbox 574 393 708 425; x_wconf 88' lang='lat' dir='ltr'><strong>huncce</strong></span> <span class='ocrx_word' id='word_1_31' title='bbox 729 404 867 424; x_wconf 79' lang='lat' dir='ltr'><strong>mireum</strong></span> <span class='ocrx_word' id='word_1_32' title='bbox 888 393 1088 435; x_wconf 89' lang='lat' dir='ltr'><strong>producunt</strong></span> <span class='ocrx_word' id='word_1_33' title='bbox 1113 401 1191 423; x_wconf 86' lang='lat' dir='ltr'><strong>suut</strong></span> <span class='ocrx_word' id='word_1_34' title='bbox 1214 392 1381 437; x_wconf 76' lang='lat' dir='ltr'><strong>plurimae</strong></span> <span class='ocrx_word' id='word_1_35' title='bbox 1412 401 1446 424; x_wconf 89' lang='lat' dir='ltr'><strong>et</strong></span> <span class='ocrx_word' id='word_1_36' title='bbox 1471 394 1644 426; x_wconf 80' lang='lat' dir='ltr'><strong>maximae.</strong></span> <span class='ocrx_word' id='word_1_37' title='bbox 1690 393 1850 436; x_wconf 81' lang='lat' dir='ltr'><strong>Quamvis</strong></span> 
     </span>
     <span class='ocr_line' id='line_1_5' title="bbox 171 447 1848 493; baseline 0.001 -15"><span class='ocrx_word' id='word_1_38' title='bbox 171 449 206 479; x_wconf 88' lang='lat' dir='ltr'><strong>in</strong></span> <span class='ocrx_word' id='word_1_39' title='bbox 229 448 354 490; x_wconf 83' lang='lat' dir='ltr'><strong>gyrinis</strong></span> <span class='ocrx_word' id='word_1_40' title='bbox 377 459 511 493; x_wconf 79' lang='lat' dir='ltr'>cryptas</span> <span class='ocrx_word' id='word_1_41' title='bbox 533 462 601 482; x_wconf 87' lang='grc'><strong>11011</strong></span> <span class='ocrx_word' id='word_1_42' title='bbox 625 449 833 487; x_wconf 77' lang='lat' dir='ltr'><strong>invenerim,</strong></span> <span class='ocrx_word' id='word_1_43' title='bbox 856 447 990 479; x_wconf 82' lang='lat' dir='ltr'><strong>illarum</strong></span> <span class='ocrx_word' id='word_1_44' title='bbox 1008 457 1119 480; x_wconf 83' lang='lat' dir='ltr'><strong>tamen</strong></span> <span class='ocrx_word' id='word_1_45' title='bbox 1137 450 1366 491; x_wconf 79' lang='lat' dir='ltr'>praesentiam</span> <span class='ocrx_word' id='word_1_46' title='bbox 1384 449 1593 481; x_wconf 87' lang='lat' dir='ltr'><strong>demonstrat</strong></span> <span class='ocrx_word' id='word_1_47' title='bbox 1611 450 1753 480; x_wconf 76' lang='lat' dir='ltr'><strong>maxima</strong></span> <span class='ocrx_word' id='word_1_48' title='bbox 1770 461 1848 480; x_wconf 91' lang='lat' dir='ltr'><strong>mu-</strong></span> 
     </span>
     <span class='ocr_line' id='line_1_6' title="bbox 172 503 1849 550; baseline 0.001 -17"><span class='ocrx_word' id='word_1_49' title='bbox 172 503 201 533; x_wconf 89' lang='lat' dir='ltr'><strong>ci</strong></span> <span class='ocrx_word' id='word_1_50' title='bbox 225 505 415 547; x_wconf 78' lang='lat' dir='ltr'><strong>quautitaS,</strong></span> <span class='ocrx_word' id='word_1_51' title='bbox 440 507 474 537; x_wconf 88' lang='lat' dir='ltr'><strong>in</strong></span> <span class='ocrx_word' id='word_1_52' title='bbox 495 517 676 550; x_wconf 86' lang='lat' dir='ltr'><strong>corporum</strong></span> <span class='ocrx_word' id='word_1_53' title='bbox 698 503 880 548; x_wconf 85' lang='lat' dir='ltr'><strong>superficie</strong></span> <span class='ocrx_word' id='word_1_54' title='bbox 901 505 1009 537; x_wconf 84' lang='lat' dir='ltr'><strong>obvia.</strong></span> <span class='ocrx_word' id='word_1_55' title='bbox 1052 505 1094 536; x_wconf 85' lang='lat' dir='ltr'><strong>In</strong></span> <span class='ocrx_word' id='word_1_56' title='bbox 1113 504 1299 536; x_wconf 81' lang='lat' dir='ltr'>husonibus</span> <span class='ocrx_word' id='word_1_57' title='bbox 1328 505 1494 548; x_wconf 76' lang='lat' dir='ltr'>plurimae</span> <span class='ocrx_word' id='word_1_58' title='bbox 1528 504 1674 542; x_wconf 86' lang='lat' dir='ltr'>adsunt,</span> <span class='ocrx_word' id='word_1_59' title='bbox 1704 505 1849 535; x_wconf 82' lang='lat' dir='ltr'><strong>durissi-</strong></span> 
     </span>
     <span class='ocr_line' id='line_1_7' title="bbox 168 561 740 603; baseline 0.002 -12"><span class='ocrx_word' id='word_1_60' title='bbox 168 572 289 603; x_wconf 84' lang='lat' dir='ltr'><strong>maque</strong></span> <span class='ocrx_word' id='word_1_61' title='bbox 310 561 444 594; x_wconf 83' lang='lat' dir='ltr'><strong>illarum</strong></span> <span class='ocrx_word' id='word_1_62' title='bbox 465 571 513 594; x_wconf 90' lang='lat' dir='ltr'><strong>est</strong></span> <span class='ocrx_word' id='word_1_63' title='bbox 533 561 740 601; x_wconf 81' lang='lat' dir='ltr'><strong>superficies.</strong></span> 
     </span>
    </p>

    <p class='ocr_par' dir='ltr' id='par_1_4' title="bbox 169 615 1855 1493">
     <span class='ocr_line' id='line_1_8' title="bbox 214 615 1849 662; baseline 0.001 -15"><span class='ocrx_word' id='word_1_64' title='bbox 214 616 241 647; x_wconf 86' lang='lat' dir='ltr'>E</span> <span class='ocrx_word' id='word_1_65' title='bbox 255 628 358 660; x_wconf 86' lang='lat' dir='ltr'><strong>parvo</strong></span> <span class='ocrx_word' id='word_1_66' title='bbox 369 639 379 655; x_wconf 92' lang='lat'>‚</span> <span class='ocrx_word' id='word_1_67' title='bbox 401 617 437 647; x_wconf 87' lang='lat' dir='ltr'><strong>in</strong></span> <span class='ocrx_word' id='word_1_68' title='bbox 449 617 581 648; x_wconf 77' lang='lat' dir='ltr'><strong>illarum</strong></span> <span class='ocrx_word' id='word_1_69' title='bbox 592 617 782 648; x_wconf 84' lang='lat' dir='ltr'><strong>summitate</strong></span> <span class='ocrx_word' id='word_1_70' title='bbox 796 615 904 648; x_wconf 85' lang='lat' dir='ltr'><strong>canali</strong></span> <span class='ocrx_word' id='word_1_71' title='bbox 917 640 925 656; x_wconf 87' lang='lat'>‚</span> <span class='ocrx_word' id='word_1_72' title='bbox 941 618 1083 661; x_wconf 84' lang='lat' dir='ltr'><strong>profluit</strong></span> <span class='ocrx_word' id='word_1_73' title='bbox 1094 629 1212 648; x_wconf 89' lang='lat' dir='ltr'><strong>mucus</strong></span> <span class='ocrx_word' id='word_1_74' title='bbox 1226 617 1329 650; x_wconf 81' lang='lat' dir='ltr'><strong>flavus</strong></span> <span class='ocrx_word' id='word_1_75' title='bbox 1344 626 1510 662; x_wconf 80' lang='lat' dir='ltr'>gustuque</span> <span class='ocrx_word' id='word_1_76' title='bbox 1525 630 1679 650; x_wconf 84' lang='lat' dir='ltr'><strong>nauseam</strong></span> <span class='ocrx_word' id='word_1_77' title='bbox 1694 616 1849 649; x_wconf 84' lang='lat' dir='ltr'><strong>illiciens.</strong></span> 
     </span>
     <span class='ocr_line' id='line_1_9' title="bbox 171 671 1850 718; baseline 0.002 -15"><span class='ocrx_word' id='word_1_78' title='bbox 171 672 265 703; x_wconf 85' lang='lat' dir='ltr'><strong>Pone</strong></span> <span class='ocrx_word' id='word_1_79' title='bbox 285 683 565 716; x_wconf 85' lang='lat' dir='ltr'><strong>unumquemque</strong></span> <span class='ocrx_word' id='word_1_80' title='bbox 587 671 740 708; x_wconf 81' lang='lat' dir='ltr'><strong>oculum,</strong></span> <span class='ocrx_word' id='word_1_81' title='bbox 756 672 791 702; x_wconf 89' lang='lat' dir='ltr'><strong>in</strong></span> <span class='ocrx_word' id='word_1_82' title='bbox 810 674 959 716; x_wconf 69' lang='lat' dir='ltr'><strong>superna</strong></span> <span class='ocrx_word' id='word_1_83' title='bbox 975 673 1094 716; x_wconf 86' lang='lat' dir='ltr'><strong>capitis</strong></span> <span class='ocrx_word' id='word_1_84' title='bbox 1114 681 1230 716; x_wconf 86' lang='lat' dir='ltr'><strong>parte,</strong></span> <span class='ocrx_word' id='word_1_85' title='bbox 1245 673 1422 714; x_wconf 81' lang='lat' dir='ltr'><strong>glandulae</strong></span> <span class='ocrx_word' id='word_1_86' title='bbox 1441 683 1610 718; x_wconf 84' lang='lat' dir='ltr'><strong>apparent</strong></span> <span class='ocrx_word' id='word_1_87' title='bbox 1629 675 1724 705; x_wconf 90' lang='lat' dir='ltr'><strong>asitu</strong></span> <span class='ocrx_word' id='word_1_88' title='bbox 1742 685 1850 717; x_wconf 85' lang='lat' dir='ltr'><strong>paro-</strong></span> 
     </span>
     <span class='ocr_line' id='line_1_10' title="bbox 172 726 1850 772; baseline 0.002 -15"><span class='ocrx_word' id='word_1_89' title='bbox 172 726 261 758; x_wconf 81' lang='lat' dir='ltr'><strong>tides</strong></span> <span class='ocrx_word' id='word_1_90' title='bbox 273 726 383 758; x_wconf 88' lang='lat' dir='ltr'><strong>dictae</strong></span> <span class='ocrx_word' id='word_1_91' title='bbox 394 751 403 766; x_wconf 94' lang='lat'><strong>,</strong></span> <span class='ocrx_word' id='word_1_92' title='bbox 420 727 724 768; x_wconf 82' lang='lat' dir='ltr'><strong>conglomeratione</strong></span> <span class='ocrx_word' id='word_1_93' title='bbox 739 726 874 757; x_wconf 89' lang='lat' dir='ltr'><strong>illarum</strong></span> <span class='ocrx_word' id='word_1_94' title='bbox 890 736 1087 770; x_wconf 74' lang='lat' dir='ltr'><strong>cryptarum</strong></span> <span class='ocrx_word' id='word_1_95' title='bbox 1103 729 1265 761; x_wconf 84' lang='lat' dir='ltr'><strong>formatae</strong></span> <span class='ocrx_word' id='word_1_96' title='bbox 1278 752 1288 768; x_wconf 83' lang='lat'>‚</span> <span class='ocrx_word' id='word_1_97' title='bbox 1299 729 1514 772; x_wconf 85' lang='lat' dir='ltr'><strong>eundemque</strong></span> <span class='ocrx_word' id='word_1_98' title='bbox 1529 729 1696 772; x_wconf 81' lang='lat' dir='ltr'><strong>liquorem</strong></span> <span class='ocrx_word' id='word_1_99' title='bbox 1714 729 1850 772; x_wconf 83' lang='lat' dir='ltr'><strong>produ-</strong></span> 
     </span>
     <span class='ocr_line' id='line_1_11' title="bbox 175 782 1850 828; baseline 0.001 -12"><span class='ocrx_word' id='word_1_100' title='bbox 175 793 300 816; x_wconf 88' lang='lat' dir='ltr'><strong>centes.</strong></span> <span class='ocrx_word' id='word_1_101' title='bbox 324 785 363 815; x_wconf 87' lang='lat' dir='ltr'><strong>Iu</strong></span> <span class='ocrx_word' id='word_1_102' title='bbox 383 785 474 815; x_wconf 83' lang='lat' dir='ltr'><strong>ranis</strong></span> <span class='ocrx_word' id='word_1_103' title='bbox 492 783 590 814; x_wconf 75' lang='lat' dir='ltr'><strong>etiam</strong></span> <span class='ocrx_word' id='word_1_104' title='bbox 613 782 749 823; x_wconf 75' lang='lat' dir='ltr'><strong>vestigia</strong></span> <span class='ocrx_word' id='word_1_105' title='bbox 766 782 960 826; x_wconf 82' lang='lat' dir='ltr'><strong>parotidum</strong></span> <span class='ocrx_word' id='word_1_106' title='bbox 976 782 1214 824; x_wconf 78' lang='lat' dir='ltr'><strong>glandular-um</strong></span> <span class='ocrx_word' id='word_1_107' title='bbox 1233 785 1367 824; x_wconf 89' lang='lat' dir='ltr'><strong>inveni,</strong></span> <span class='ocrx_word' id='word_1_108' title='bbox 1394 797 1528 828; x_wconf 85' lang='lat' dir='ltr'><strong>semper</strong></span> <span class='ocrx_word' id='word_1_109' title='bbox 1543 797 1624 817; x_wconf 89' lang='lat' dir='ltr'><strong>vero</strong></span> <span class='ocrx_word' id='word_1_110' title='bbox 1642 797 1660 817; x_wconf 91' lang='lat' dir='ltr'><strong>e</strong></span> <span class='ocrx_word' id='word_1_111' title='bbox 1676 793 1752 817; x_wconf 86' lang='lat' dir='ltr'><strong>cute</strong></span> <span class='ocrx_word' id='word_1_112' title='bbox 1771 794 1850 817; x_wconf 85' lang='lat' dir='ltr'><strong>tan-</strong></span> 
     </span>
     <span class='ocr_line' id='line_1_12' title="bbox 174 838 1851 885; baseline 0.001 -13"><span class='ocrx_word' id='word_1_113' title='bbox 174 839 347 872; x_wconf 80' lang='lat' dir='ltr'><strong>tummodo</strong></span> <span class='ocrx_word' id='word_1_114' title='bbox 367 840 568 871; x_wconf 82' lang='lat' dir='ltr'><strong>constabant</strong></span> <span class='ocrx_word' id='word_1_115' title='bbox 589 839 749 870; x_wconf 85' lang='lat' dir='ltr'><strong>crassiore</strong></span> <span class='ocrx_word' id='word_1_116' title='bbox 772 847 806 869; x_wconf 86' lang='lat' dir='ltr'><strong>et</strong></span> <span class='ocrx_word' id='word_1_117' title='bbox 825 838 1002 875; x_wconf 83' lang='lat' dir='ltr'><strong>densiore,</strong></span> <span class='ocrx_word' id='word_1_118' title='bbox 1027 850 1154 880; x_wconf 84' lang='lat' dir='ltr'><strong>paucae</strong></span> <span class='ocrx_word' id='word_1_119' title='bbox 1173 840 1288 872; x_wconf 83' lang='lat' dir='ltr'><strong>saltem</strong></span> <span class='ocrx_word' id='word_1_120' title='bbox 1305 840 1448 871; x_wconf 82' lang='lat' dir='ltr'><strong>aderant</strong></span> <span class='ocrx_word' id='word_1_121' title='bbox 1470 849 1620 884; x_wconf 81' lang='lat' dir='ltr'><strong>cryptae.</strong></span> <span class='ocrx_word' id='word_1_122' title='bbox 1661 842 1767 885; x_wconf 84' lang='lat' dir='ltr'><strong>Hylae</strong></span> <span class='ocrx_word' id='word_1_123' title='bbox 1782 842 1851 874; x_wconf 85' lang='lat' dir='ltr'><strong>fere</strong></span> 
     </span>
     <span class='ocr_line' id='line_1_13' title="bbox 172 893 1851 941; baseline 0.002 -16"><span class='ocrx_word' id='word_1_124' title='bbox 172 894 281 926; x_wconf 85' lang='lat' dir='ltr'><strong>nullas</strong></span> <span class='ocrx_word' id='word_1_125' title='bbox 310 894 438 925; x_wconf 84' lang='lat' dir='ltr'><strong>habent</strong></span> <span class='ocrx_word' id='word_1_126' title='bbox 465 901 611 936; x_wconf 59' lang='lat' dir='ltr'><strong>cryptas.</strong></span> <span class='ocrx_word' id='word_1_127' title='bbox 658 894 727 924; x_wconf 75' lang='lat' dir='ltr'><strong>Hic</strong></span> <span class='ocrx_word' id='word_1_128' title='bbox 759 904 838 925; x_wconf 85' lang='lat' dir='ltr'><strong>vero</strong></span> <span class='ocrx_word' id='word_1_129' title='bbox 864 894 901 924; x_wconf 85' lang='lat' dir='ltr'><strong>in</strong></span> <span class='ocrx_word' id='word_1_130' title='bbox 933 893 1117 934; x_wconf 73' lang='lat' dir='ltr'><strong>digitorum</strong></span> <span class='ocrx_word' id='word_1_131' title='bbox 1142 895 1410 927; x_wconf 78' lang='lat' dir='ltr'><strong>extremitatibus</strong></span> <span class='ocrx_word' id='word_1_132' title='bbox 1438 896 1523 927; x_wconf 84' lang='lat' dir='ltr'><strong>cutis</strong></span> <span class='ocrx_word' id='word_1_133' title='bbox 1548 898 1672 928; x_wconf 83' lang='lat' dir='ltr'><strong>mirum</strong></span> <span class='ocrx_word' id='word_1_134' title='bbox 1694 898 1851 941; x_wconf 81' lang='lat' dir='ltr'><strong>phaeno-</strong></span> 
     </span>
     <span class='ocr_line' id='line_1_14' title="bbox 172 949 1852 996; baseline 0.002 -14"><span class='ocrx_word' id='word_1_135' title='bbox 172 962 297 982; x_wconf 85' lang='lat' dir='ltr'><strong>mcnon</strong></span> <span class='ocrx_word' id='word_1_136' title='bbox 317 950 490 994; x_wconf 79' lang='lat' dir='ltr'><strong>quoddam</strong></span> <span class='ocrx_word' id='word_1_137' title='bbox 511 949 620 980; x_wconf 76' lang='lat' dir='ltr'><strong>offert.</strong></span> <span class='ocrx_word' id='word_1_138' title='bbox 665 950 854 989; x_wconf 80' lang='lat' dir='ltr'><strong>Digitorum</strong></span> <span class='ocrx_word' id='word_1_139' title='bbox 872 949 963 980; x_wconf 89' lang='lat' dir='ltr'><strong>enim</strong></span> <span class='ocrx_word' id='word_1_140' title='bbox 978 950 1207 980; x_wconf 76' lang='lat' dir='ltr'><strong>extremitates</strong></span> <span class='ocrx_word' id='word_1_141' title='bbox 1228 961 1328 981; x_wconf 89' lang='lat' dir='ltr'><strong>muco</strong></span> <span class='ocrx_word' id='word_1_142' title='bbox 1351 959 1454 982; x_wconf 86' lang='lat' dir='ltr'><strong>tectas</strong></span> <span class='ocrx_word' id='word_1_143' title='bbox 1472 951 1601 984; x_wconf 88' lang='lat' dir='ltr'><strong>habent</strong></span> <span class='ocrx_word' id='word_1_144' title='bbox 1617 979 1627 990; x_wconf 88' lang='lat'><strong>,</strong></span> <span class='ocrx_word' id='word_1_145' title='bbox 1650 961 1750 996; x_wconf 89' lang='lat' dir='ltr'><strong>atque</strong></span> <span class='ocrx_word' id='word_1_146' title='bbox 1767 953 1852 996; x_wconf 81' lang='lat' dir='ltr'><strong>pul-</strong></span> 
     </span>
     <span class='ocr_line' id='line_1_15' title="bbox 171 1004 1851 1048; baseline 0.001 -10"><span class='ocrx_word' id='word_1_147' title='bbox 171 1006 258 1039; x_wconf 80' lang='lat' dir='ltr'><strong>villis</strong></span> <span class='ocrx_word' id='word_1_148' title='bbox 274 1005 507 1037; x_wconf 79' lang='lat' dir='ltr'><strong>terminalibus</strong></span> <span class='ocrx_word' id='word_1_149' title='bbox 523 1005 716 1036; x_wconf 85' lang='lat' dir='ltr'><strong>instructas.</strong></span> <span class='ocrx_word' id='word_1_150' title='bbox 741 1005 852 1036; x_wconf 88' lang='lat' dir='ltr'><strong>Motui</strong></span> <span class='ocrx_word' id='word_1_151' title='bbox 865 1005 965 1037; x_wconf 90' lang='lat' dir='ltr'><strong>hosce</strong></span> <span class='ocrx_word' id='word_1_152' title='bbox 988 1004 1146 1048; x_wconf 80' lang='lat' dir='ltr'><strong>pulvillos</strong></span> <span class='ocrx_word' id='word_1_153' title='bbox 1157 1005 1321 1038; x_wconf 81' lang='lat' dir='ltr'><strong>inservire</strong></span> <span class='ocrx_word' id='word_1_154' title='bbox 1335 1018 1449 1038; x_wconf 87' lang='lat' dir='ltr'><strong>omnes</strong></span> <span class='ocrx_word' id='word_1_155' title='bbox 1466 1014 1658 1039; x_wconf 86' lang='lat' dir='ltr'><strong>statuerunt</strong></span> <span class='ocrx_word' id='word_1_156' title='bbox 1675 1018 1827 1040; x_wconf 81' lang='lat' dir='ltr'><strong>auctores</strong></span> <span class='ocrx_word' id='word_1_157' title='bbox 1842 1023 1851 1047; x_wconf 67' lang='grc' dir='ltr'><strong>ς</strong></span> 
     </span>
     <span class='ocr_line' id='line_1_16' title="bbox 172 1060 1854 1109; baseline 0.002 -16"><span class='ocrx_word' id='word_1_158' title='bbox 172 1061 342 1105; x_wconf 85' lang='lat' dir='ltr'><strong>quomodo</strong></span> <span class='ocrx_word' id='word_1_159' title='bbox 371 1069 481 1092; x_wconf 83' lang='lat' dir='ltr'><strong>autem</strong></span> <span class='ocrx_word' id='word_1_160' title='bbox 509 1061 615 1093; x_wconf 89' lang='lat' dir='ltr'><strong>hocce</strong></span> <span class='ocrx_word' id='word_1_161' title='bbox 640 1060 749 1092; x_wconf 85' lang='lat' dir='ltr'><strong>officio</strong></span> <span class='ocrx_word' id='word_1_162' title='bbox 774 1060 1018 1102; x_wconf 80' lang='lat' dir='ltr'><strong>fungerentur,</strong></span> <span class='ocrx_word' id='word_1_163' title='bbox 1043 1061 1253 1104; x_wconf 77' lang='lat' dir='ltr'><strong>disputatum</strong></span> <span class='ocrx_word' id='word_1_164' title='bbox 1272 1070 1332 1093; x_wconf 88' lang='lat' dir='ltr'><strong>est.</strong></span> <span class='ocrx_word' id='word_1_165' title='bbox 1378 1063 1550 1094; x_wconf 85' lang='lat' dir='ltr'><strong>Putabant</strong></span> <span class='ocrx_word' id='word_1_166' title='bbox 1575 1065 1666 1095; x_wconf 89' lang='lat' dir='ltr'><strong>enim</strong></span> <span class='ocrx_word' id='word_1_167' title='bbox 1689 1063 1854 1109; x_wconf 71' lang='lat' dir='ltr'><strong>plurimi,</strong></span> 
     </span>
     <span class='ocr_line' id='line_1_17' title="bbox 173 1116 1854 1161; baseline 0.002 -12"><span class='ocrx_word' id='word_1_168' title='bbox 173 1121 309 1150; x_wconf 62' lang='lat' dir='ltr'><strong>mucosa</strong></span> <span class='ocrx_word' id='word_1_169' title='bbox 340 1117 396 1149; x_wconf 65' lang='lat' dir='ltr'><strong>illst</strong></span> <span class='ocrx_word' id='word_1_170' title='bbox 424 1117 637 1156; x_wconf 59' lang='lat' dir='ltr'><strong>substantia,</strong></span> <span class='ocrx_word' id='word_1_171' title='bbox 667 1116 787 1158; x_wconf 76' lang='lat' dir='ltr'><strong>digitos</strong></span> <span class='ocrx_word' id='word_1_172' title='bbox 819 1117 1017 1155; x_wconf 81' lang='lat' dir='ltr'><strong>arboribus,</strong></span> <span class='ocrx_word' id='word_1_173' title='bbox 1042 1118 1144 1148; x_wconf 87' lang='lat' dir='ltr'><strong>immo</strong></span> <span class='ocrx_word' id='word_1_174' title='bbox 1174 1117 1262 1149; x_wconf 86' lang='lat' dir='ltr'><strong>vitro</strong></span> <span class='ocrx_word' id='word_1_175' title='bbox 1294 1116 1478 1149; x_wconf 85' lang='lat' dir='ltr'><strong>adhaerere</strong></span> <span class='ocrx_word' id='word_1_176' title='bbox 1509 1130 1618 1161; x_wconf 70' lang='lat' dir='ltr'><strong>posse„</strong></span> <span class='ocrx_word' id='word_1_177' title='bbox 1673 1120 1745 1151; x_wconf 90' lang='lat' dir='ltr'><strong>Hoc</strong></span> <span class='ocrx_word' id='word_1_178' title='bbox 1775 1133 1854 1154; x_wconf 74' lang='lat' dir='ltr'><strong>vero</strong></span> 
     </span>
     <span class='ocr_line' id='line_1_18' title="bbox 175 1171 1854 1217; baseline 0.001 -11"><span class='ocrx_word' id='word_1_179' title='bbox 175 1175 286 1206; x_wconf 79' lang='lat' dir='ltr'><strong>minus</strong></span> <span class='ocrx_word' id='word_1_180' title='bbox 311 1186 432 1206; x_wconf 65' lang='lat' dir='ltr'><strong>rerum</strong></span> <span class='ocrx_word' id='word_1_181' title='bbox 471 1186 561 1212; x_wconf 85' lang='lat' dir='ltr'><strong>esse,</strong></span> <span class='ocrx_word' id='word_1_182' title='bbox 597 1173 749 1216; x_wconf 85' lang='lat' dir='ltr'><strong>primus,</strong></span> <span class='ocrx_word' id='word_1_183' title='bbox 782 1181 820 1203; x_wconf 89' lang='lat' dir='ltr'><strong>ut</strong></span> <span class='ocrx_word' id='word_1_184' title='bbox 848 1181 951 1214; x_wconf 85' lang='lat' dir='ltr'><strong>puto,</strong></span> <span class='ocrx_word' id='word_1_185' title='bbox 984 1172 1102 1204; x_wconf 86' lang='lat' dir='ltr'><strong>docuit</strong></span> <span class='ocrx_word' id='word_1_186' title='bbox 1135 1171 1188 1203; x_wconf 91' lang='lat' dir='ltr'><strong>Cl.</strong></span> <span class='ocrx_word' id='word_1_187' title='bbox 1212 1171 1611 1206; x_wconf 80' lang='lat' dir='ltr'><strong>Delabillardiere</strong></span> <span class='ocrx_word' id='word_1_188' title='bbox 1644 1176 1730 1217; x_wconf 84' lang='lat'><strong>(2).</strong></span> <span class='ocrx_word' id='word_1_189' title='bbox 1790 1177 1854 1209; x_wconf 82' lang='lat' dir='ltr'><strong>Hie</strong></span> 
     </span>
     <span class='ocr_line' id='line_1_19' title="bbox 175 1227 1854 1272; baseline 0.002 -11"><span class='ocrx_word' id='word_1_190' title='bbox 175 1231 267 1261; x_wconf 87' lang='lat' dir='ltr'><strong>enim</strong></span> <span class='ocrx_word' id='word_1_191' title='bbox 291 1229 386 1271; x_wconf 69' lang='lat' dir='ltr'><strong>hylas</strong></span> <span class='ocrx_word' id='word_1_192' title='bbox 409 1229 590 1260; x_wconf 86' lang='lat' dir='ltr'><strong>observans</strong></span> <span class='ocrx_word' id='word_1_193' title='bbox 619 1228 775 1263; x_wconf 81' lang='lat' dir='ltr'><strong>invenit,</strong></span> <span class='ocrx_word' id='word_1_194' title='bbox 800 1227 923 1258; x_wconf 89' lang='lat' dir='ltr'><strong>horum</strong></span> <span class='ocrx_word' id='word_1_195' title='bbox 946 1227 1166 1266; x_wconf 86' lang='lat' dir='ltr'><strong>pulvillorum</strong></span> <span class='ocrx_word' id='word_1_196' title='bbox 1188 1227 1377 1267; x_wconf 75' lang='lat' dir='ltr'><strong>(pelotes)</strong></span> <span class='ocrx_word' id='word_1_197' title='bbox 1400 1228 1546 1260; x_wconf 84' lang='lat' dir='ltr'><strong>eundem</strong></span> <span class='ocrx_word' id='word_1_198' title='bbox 1571 1241 1667 1261; x_wconf 89' lang='lat' dir='ltr'><strong>usum</strong></span> <span class='ocrx_word' id='word_1_199' title='bbox 1699 1243 1792 1272; x_wconf 86' lang='lat' dir='ltr'><strong>esse,</strong></span> <span class='ocrx_word' id='word_1_200' title='bbox 1816 1244 1854 1265; x_wconf 87' lang='lat' dir='ltr'><strong>ac</strong></span> 
     </span>
     <span class='ocr_line' id='line_1_20' title="bbox 177 1279 1854 1328; baseline -0.001 -12"><span class='ocrx_word' id='word_1_201' title='bbox 177 1284 417 1328; x_wconf 65' lang='lat' dir='ltr'><strong>cotyledonum</strong></span> <span class='ocrx_word' id='word_1_202' title='bbox 441 1283 475 1312; x_wconf 86' lang='lat' dir='ltr'><strong>in</strong></span> <span class='ocrx_word' id='word_1_203' title='bbox 507 1280 654 1312; x_wconf 87' lang='lat' dir='ltr'><strong>brachiis</strong></span> <span class='ocrx_word' id='word_1_204' title='bbox 678 1279 860 1324; x_wconf 83' lang='lat' dir='ltr'><strong>sepiarum.</strong></span> <span class='ocrx_word' id='word_1_205' title='bbox 905 1279 1064 1311; x_wconf 63' lang='lat' dir='ltr'><strong>Retracta</strong></span> <span class='ocrx_word' id='word_1_206' title='bbox 1091 1279 1184 1311; x_wconf 86' lang='lat' dir='ltr'><strong>enim</strong></span> <span class='ocrx_word' id='word_1_207' title='bbox 1223 1279 1335 1313; x_wconf 62' lang='lat' dir='ltr'><strong>media</strong></span> <span class='ocrx_word' id='word_1_208' title='bbox 1359 1282 1565 1324; x_wconf 81' lang='lat' dir='ltr'><strong>superficie,</strong></span> <span class='ocrx_word' id='word_1_209' title='bbox 1599 1297 1663 1327; x_wconf 83' lang='lat' dir='ltr'><strong>ope</strong></span> <span class='ocrx_word' id='word_1_210' title='bbox 1691 1286 1854 1321; x_wconf 72' lang='lat' dir='ltr'><strong>fibrarum</strong></span> 
     </span>
     <span class='ocr_line' id='line_1_21' title="bbox 178 1336 1852 1387; baseline 0.002 -16"><span class='ocrx_word' id='word_1_211' title='bbox 178 1338 392 1385; x_wconf 87' lang='lat' dir='ltr'><strong>quarundam</strong></span> <span class='ocrx_word' id='word_1_212' title='bbox 420 1336 710 1372; x_wconf 81' lang='lat' dir='ltr'><strong>musculosarum‚</strong></span> <span class='ocrx_word' id='word_1_213' title='bbox 742 1347 884 1367; x_wconf 83' lang='lat' dir='ltr'><strong>vacuum</strong></span> <span class='ocrx_word' id='word_1_214' title='bbox 907 1337 1016 1367; x_wconf 90' lang='lat' dir='ltr'><strong>oritur</strong></span> <span class='ocrx_word' id='word_1_215' title='bbox 1052 1336 1113 1367; x_wconf 89' lang='lat' dir='ltr'><strong>sub</strong></span> <span class='ocrx_word' id='word_1_216' title='bbox 1142 1346 1347 1379; x_wconf 81' lang='lat' dir='ltr'><strong>quocunque</strong></span> <span class='ocrx_word' id='word_1_217' title='bbox 1374 1336 1515 1378; x_wconf 87' lang='lat' dir='ltr'><strong>pulvillo</strong></span> <span class='ocrx_word' id='word_1_218' title='bbox 1545 1339 1586 1370; x_wconf 84' lang='lat' dir='ltr'><strong>ab</strong></span> <span class='ocrx_word' id='word_1_219' title='bbox 1616 1341 1852 1387; x_wconf 66' lang='lat' dir='ltr'><strong>atmosphaera</strong></span> 
     </span>
     <span class='ocr_line' id='line_1_22' title="bbox 169 1390 1855 1438; baseline 0.002 -11"><span class='ocrx_word' id='word_1_220' title='bbox 169 1396 214 1430; x_wconf 74' lang='lat' dir='ltr'><strong>jn</strong></span> <span class='ocrx_word' id='word_1_221' title='bbox 238 1394 311 1427; x_wconf 89' lang='lat' dir='ltr'><strong>basi</strong></span> <span class='ocrx_word' id='word_1_222' title='bbox 338 1401 482 1426; x_wconf 88' lang='lat' dir='ltr'><strong>retento.</strong></span> <span class='ocrx_word' id='word_1_223' title='bbox 529 1392 615 1435; x_wconf 75' lang='lat' dir='ltr'><strong>Hyla</strong></span> <span class='ocrx_word' id='word_1_224' title='bbox 638 1394 706 1433; x_wconf 85' lang='lat' dir='ltr'><strong>jam</strong></span> <span class='ocrx_word' id='word_1_225' title='bbox 729 1405 769 1424; x_wconf 85' lang='lat' dir='ltr'><strong>ex</strong></span> <span class='ocrx_word' id='word_1_226' title='bbox 792 1404 861 1423; x_wconf 90' lang='lat' dir='ltr'><strong>uno</strong></span> <span class='ocrx_word' id='word_1_227' title='bbox 887 1390 1030 1435; x_wconf 77' lang='lat' dir='ltr'><strong>pulvillo</strong></span> <span class='ocrx_word' id='word_1_228' title='bbox 1061 1390 1154 1423; x_wconf 79' lang='lat' dir='ltr'><strong>facili</strong></span> <span class='ocrx_word' id='word_1_229' title='bbox 1185 1393 1318 1433; x_wconf 79' lang='lat' dir='ltr'><strong>negotio</strong></span> <span class='ocrx_word' id='word_1_230' title='bbox 1344 1392 1529 1437; x_wconf 80' lang='lat' dir='ltr'><strong>dependet.</strong></span> <span class='ocrx_word' id='word_1_231' title='bbox 1574 1395 1676 1438; x_wconf 79' lang='lat' dir='ltr'><strong>Quod</strong></span> <span class='ocrx_word' id='word_1_232' title='bbox 1705 1397 1855 1435; x_wconf 68' lang='lat' dir='ltr'><strong>‹lemon3</strong></span> 
     </span>
     <span class='ocr_line' id='line_1_23' title="bbox 180 1446 1068 1493; baseline -0.007 -9"><span class='ocrx_word' id='word_1_233' title='bbox 180 1460 287 1484; x_wconf 88' lang='lat' dir='ltr'><strong>strare</strong></span> <span class='ocrx_word' id='word_1_234' title='bbox 307 1450 416 1493; x_wconf 86' lang='lat' dir='ltr'><strong>priori</strong></span> <span class='ocrx_word' id='word_1_235' title='bbox 438 1448 657 1492; x_wconf 82' lang='lat' dir='ltr'><strong>explicationi</strong></span> <span class='ocrx_word' id='word_1_236' title='bbox 681 1460 750 1480; x_wconf 86' lang='lat' dir='ltr'><strong>non</strong></span> <span class='ocrx_word' id='word_1_237' title='bbox 773 1455 840 1478; x_wconf 88' lang='lat' dir='ltr'><strong>tam</strong></span> <span class='ocrx_word' id='word_1_238' title='bbox 863 1446 962 1478; x_wconf 87' lang='lat' dir='ltr'><strong>facile</strong></span> <span class='ocrx_word' id='word_1_239' title='bbox 985 1455 1068 1478; x_wconf 84' lang='lat' dir='ltr'><strong>erat.</strong></span> 
     </span>
    </p>

    <p class='ocr_par' dir='ltr' id='par_1_5' title="bbox 178 1502 1854 1930">
     <span class='ocr_line' id='line_1_24' title="bbox 221 1502 1852 1552; baseline 0.001 -13"><span class='ocrx_word' id='word_1_240' title='bbox 221 1507 355 1539; x_wconf 87' lang='lat' dir='ltr'><strong>Haecce</strong></span> <span class='ocrx_word' id='word_1_241' title='bbox 379 1505 422 1536; x_wconf 88' lang='lat' dir='ltr'><strong>de</strong></span> <span class='ocrx_word' id='word_1_242' title='bbox 449 1512 522 1535; x_wconf 86' lang='lat' dir='ltr'><strong>cute</strong></span> <span class='ocrx_word' id='word_1_243' title='bbox 550 1505 691 1547; x_wconf 82' lang='lat' dir='ltr'><strong>ejusque</strong></span> <span class='ocrx_word' id='word_1_244' title='bbox 718 1503 906 1535; x_wconf 68' lang='lat' dir='ltr'><strong>substanti-3.</strong></span> <span class='ocrx_word' id='word_1_245' title='bbox 930 1502 1022 1534; x_wconf 86' lang='lat' dir='ltr'><strong>dicta</strong></span> <span class='ocrx_word' id='word_1_246' title='bbox 1044 1511 1156 1536; x_wconf 87' lang='lat' dir='ltr'><strong>sunto.</strong></span> <span class='ocrx_word' id='word_1_247' title='bbox 1203 1505 1306 1547; x_wconf 80' lang='lat' dir='ltr'><strong>Quod</strong></span> <span class='ocrx_word' id='word_1_248' title='bbox 1329 1515 1409 1539; x_wconf 79' lang='lat' dir='ltr'><strong>vero</strong></span> <span class='ocrx_word' id='word_1_249' title='bbox 1432 1506 1553 1539; x_wconf 88' lang='lat' dir='ltr'><strong>attinet</strong></span> <span class='ocrx_word' id='word_1_250' title='bbox 1575 1509 1618 1540; x_wconf 84' lang='lat' dir='ltr'><strong>ad</strong></span> <span class='ocrx_word' id='word_1_251' title='bbox 1641 1516 1766 1543; x_wconf 89' lang='lat' dir='ltr'><strong>tactum</strong></span> <span class='ocrx_word' id='word_1_252' title='bbox 1789 1522 1852 1552; x_wconf 75' lang='lat' dir='ltr'><strong>ge-</strong></span> 
     </span>
     <span class='ocr_line' id='line_1_25' title="bbox 180 1559 1854 1607; baseline 0.002 -12"><span class='ocrx_word' id='word_1_253' title='bbox 180 1561 329 1597; x_wconf 80' lang='lat' dir='ltr'><strong>neralem</strong></span> <span class='ocrx_word' id='word_1_254' title='bbox 353 1560 473 1601; x_wconf 70' lang='lat' dir='ltr'><strong>(met,</strong></span> <span class='ocrx_word' id='word_1_255' title='bbox 498 1559 606 1590; x_wconf 83' lang='lat' dir='ltr'><strong>Bich</strong></span> <span class='ocrx_word' id='word_1_256' title='bbox 620 1559 708 1599; x_wconf 83' lang='lat' dir='ltr'><strong>at),</strong></span> <span class='ocrx_word' id='word_1_257' title='bbox 731 1559 874 1591; x_wconf 87' lang='lat' dir='ltr'><strong>multum</strong></span> <span class='ocrx_word' id='word_1_258' title='bbox 894 1559 983 1592; x_wconf 84' lang='lat' dir='ltr'><strong>valet</strong></span> <span class='ocrx_word' id='word_1_259' title='bbox 1006 1559 1042 1590; x_wconf 87' lang='lat' dir='ltr'><strong>in</strong></span> <span class='ocrx_word' id='word_1_260' title='bbox 1063 1560 1269 1598; x_wconf 70' lang='lat' dir='ltr'><strong>bau—achiis,</strong></span> <span class='ocrx_word' id='word_1_261' title='bbox 1284 1573 1354 1592; x_wconf 87' lang='lat' dir='ltr'><strong>non</strong></span> <span class='ocrx_word' id='word_1_262' title='bbox 1375 1573 1454 1594; x_wconf 84' lang='lat' dir='ltr'><strong>vero</strong></span> <span class='ocrx_word' id='word_1_263' title='bbox 1477 1571 1607 1595; x_wconf 86' lang='lat' dir='ltr'><strong>tantum</strong></span> <span class='ocrx_word' id='word_1_264' title='bbox 1631 1573 1795 1607; x_wconf 83' lang='lat' dir='ltr'><strong>quantum</strong></span> <span class='ocrx_word' id='word_1_265' title='bbox 1817 1568 1854 1599; x_wconf 82' lang='lat' dir='ltr'><strong>in</strong></span> 
     </span>
     <span class='ocr_line' id='line_1_26' title="bbox 178 1613 1853 1663; baseline 0.002 -12"><span class='ocrx_word' id='word_1_266' title='bbox 178 1618 328 1651; x_wconf 85' lang='lat' dir='ltr'><strong>homine.</strong></span> <span class='ocrx_word' id='word_1_267' title='bbox 382 1615 541 1656; x_wconf 80' lang='lat' dir='ltr'><strong>Quamvis</strong></span> <span class='ocrx_word' id='word_1_268' title='bbox 571 1615 665 1644; x_wconf 87' lang='lat' dir='ltr'><strong>enim</strong></span> <span class='ocrx_word' id='word_1_269' title='bbox 691 1622 874 1657; x_wconf 86' lang='lat' dir='ltr'><strong>utrumque</strong></span> <span class='ocrx_word' id='word_1_270' title='bbox 902 1613 1024 1645; x_wconf 89' lang='lat' dir='ltr'><strong>animal</strong></span> <span class='ocrx_word' id='word_1_271' title='bbox 1050 1614 1135 1646; x_wconf 83' lang='lat' dir='ltr'><strong>laevi</strong></span> <span class='ocrx_word' id='word_1_272' title='bbox 1156 1622 1230 1645; x_wconf 86' lang='lat' dir='ltr'><strong>cute</strong></span> <span class='ocrx_word' id='word_1_273' title='bbox 1249 1615 1409 1656; x_wconf 81' lang='lat' dir='ltr'><strong>gaudeat,</strong></span> <span class='ocrx_word' id='word_1_274' title='bbox 1442 1617 1478 1648; x_wconf 88' lang='lat' dir='ltr'><strong>iu</strong></span> <span class='ocrx_word' id='word_1_275' title='bbox 1507 1618 1642 1651; x_wconf 87' lang='lat' dir='ltr'><strong>homine</strong></span> <span class='ocrx_word' id='word_1_276' title='bbox 1666 1633 1793 1663; x_wconf 86' lang='lat' dir='ltr'><strong>pauco,</strong></span> <span class='ocrx_word' id='word_1_277' title='bbox 1817 1624 1853 1654; x_wconf 85' lang='lat' dir='ltr'><strong>in</strong></span> 
     </span>
     <span class='ocr_line' id='line_1_27' title="bbox 181 1668 1851 1713; baseline 0.001 -6"><span class='ocrx_word' id='word_1_278' title='bbox 181 1676 265 1707; x_wconf 62' lang='lat' dir='ltr'><strong>rana</strong></span> <span class='ocrx_word' id='word_1_279' title='bbox 290 1670 382 1704; x_wconf 87' lang='lat' dir='ltr'><strong>nullo</strong></span> <span class='ocrx_word' id='word_1_280' title='bbox 411 1668 492 1701; x_wconf 84' lang='lat' dir='ltr'><strong>villo</strong></span> <span class='ocrx_word' id='word_1_281' title='bbox 519 1669 665 1709; x_wconf 65' lang='lat' dir='ltr'><strong>consita,</strong></span> <span class='ocrx_word' id='word_1_282' title='bbox 687 1669 772 1700; x_wconf 83' lang='lat' dir='ltr'><strong>cutis</strong></span> <span class='ocrx_word' id='word_1_283' title='bbox 795 1669 831 1700; x_wconf 87' lang='grc'><strong>111</strong></span> <span class='ocrx_word' id='word_1_284' title='bbox 857 1670 940 1713; x_wconf 68' lang='lat' dir='ltr'><strong>rana</strong></span> <span class='ocrx_word' id='word_1_285' title='bbox 973 1682 1050 1701; x_wconf 90' lang='lat' dir='ltr'><strong>cum</strong></span> <span class='ocrx_word' id='word_1_286' title='bbox 1077 1669 1236 1701; x_wconf 86' lang='lat' dir='ltr'><strong>musculis</strong></span> <span class='ocrx_word' id='word_1_287' title='bbox 1257 1682 1327 1702; x_wconf 89' lang='lat' dir='ltr'><strong>nou</strong></span> <span class='ocrx_word' id='word_1_288' title='bbox 1352 1671 1531 1713; x_wconf 80' lang='lat' dir='ltr'><strong>cohaeret,</strong></span> <span class='ocrx_word' id='word_1_289' title='bbox 1566 1675 1630 1706; x_wconf 86' lang='lat' dir='ltr'><strong>nisi</strong></span> <span class='ocrx_word' id='word_1_290' title='bbox 1654 1677 1690 1707; x_wconf 87' lang='lat' dir='ltr'><strong>in</strong></span> <span class='ocrx_word' id='word_1_291' title='bbox 1721 1678 1851 1709; x_wconf 84' lang='lat' dir='ltr'><strong>articu-</strong></span> 
     </span>
     <span class='ocr_line' id='line_1_28' title="bbox 181 1724 1851 1774; baseline 0.001 -11"><span class='ocrx_word' id='word_1_292' title='bbox 181 1729 362 1763; x_wconf 63' lang='lat' dir='ltr'><strong>lanionibus</strong></span> <span class='ocrx_word' id='word_1_293' title='bbox 387 1734 487 1768; x_wconf 84' lang='lat' dir='ltr'><strong>atque</strong></span> <span class='ocrx_word' id='word_1_294' title='bbox 517 1734 679 1768; x_wconf 83' lang='lat' dir='ltr'><strong>pectore,</strong></span> <span class='ocrx_word' id='word_1_295' title='bbox 700 1724 793 1757; x_wconf 88' lang='lat' dir='ltr'><strong>unde</strong></span> <span class='ocrx_word' id='word_1_296' title='bbox 822 1725 934 1756; x_wconf 90' lang='lat' dir='ltr'><strong>minor</strong></span> <span class='ocrx_word' id='word_1_297' title='bbox 956 1724 1013 1757; x_wconf 77' lang='lat' dir='ltr'><strong>illa</strong></span> <span class='ocrx_word' id='word_1_298' title='bbox 1042 1733 1150 1757; x_wconf 84' lang='lat' dir='ltr'><strong>tactus</strong></span> <span class='ocrx_word' id='word_1_299' title='bbox 1176 1727 1341 1767; x_wconf 84' lang='lat' dir='ltr'><strong>generalis</strong></span> <span class='ocrx_word' id='word_1_300' title='bbox 1366 1728 1533 1771; x_wconf 85' lang='lat' dir='ltr'><strong>perfectio</strong></span> <span class='ocrx_word' id='word_1_301' title='bbox 1555 1731 1709 1774; x_wconf 86' lang='lat' dir='ltr'><strong>profluit.</strong></span> <span class='ocrx_word' id='word_1_302' title='bbox 1754 1733 1851 1764; x_wconf 84' lang='lat' dir='ltr'><strong>Mul-</strong></span> 
     </span>
     <span class='ocr_line' id='line_1_29' title="bbox 183 1779 1851 1832; baseline 0.002 -15"><span class='ocrx_word' id='word_1_303' title='bbox 183 1796 218 1819; x_wconf 82' lang='lat' dir='ltr'><strong>to</strong></span> <span class='ocrx_word' id='word_1_304' title='bbox 239 1796 319 1820; x_wconf 83' lang='lat' dir='ltr'><strong>vero</strong></span> <span class='ocrx_word' id='word_1_305' title='bbox 347 1783 454 1823; x_wconf 82' lang='lat' dir='ltr'><strong>major</strong></span> <span class='ocrx_word' id='word_1_306' title='bbox 476 1788 546 1820; x_wconf 82' lang='lat' dir='ltr'><strong>est,</strong></span> <span class='ocrx_word' id='word_1_307' title='bbox 572 1792 671 1824; x_wconf 84' lang='lat' dir='ltr'><strong>quam</strong></span> <span class='ocrx_word' id='word_1_308' title='bbox 695 1779 834 1823; x_wconf 87' lang='lat' dir='ltr'><strong>quidem</strong></span> <span class='ocrx_word' id='word_1_309' title='bbox 864 1781 899 1811; x_wconf 92' lang='grc'><strong>111</strong></span> <span class='ocrx_word' id='word_1_310' title='bbox 932 1779 1086 1822; x_wconf 86' lang='lat' dir='ltr'><strong>plurimis</strong></span> <span class='ocrx_word' id='word_1_311' title='bbox 1105 1782 1336 1813; x_wconf 82' lang='lat' dir='ltr'><strong>mammalibus</strong></span> <span class='ocrx_word' id='word_1_312' title='bbox 1360 1791 1395 1813; x_wconf 88' lang='lat' dir='ltr'><strong>et</strong></span> <span class='ocrx_word' id='word_1_313' title='bbox 1421 1784 1558 1822; x_wconf 84' lang='lat' dir='ltr'><strong>avibus,</strong></span> <span class='ocrx_word' id='word_1_314' title='bbox 1587 1785 1675 1818; x_wconf 73' lang='lat' dir='ltr'><strong>villis</strong></span> <span class='ocrx_word' id='word_1_315' title='bbox 1705 1796 1738 1819; x_wconf 85' lang='lat' dir='ltr'><strong>et</strong></span> <span class='ocrx_word' id='word_1_316' title='bbox 1767 1788 1851 1832; x_wconf 84' lang='lat' dir='ltr'><strong>plu-</strong></span> 
     </span>
     <span class='ocr_line' id='line_1_30' title="bbox 181 1835 1852 1887; baseline 0.001 -13"><span class='ocrx_word' id='word_1_317' title='bbox 181 1844 244 1875; x_wconf 85' lang='lat' dir='ltr'><strong>mis</strong></span> <span class='ocrx_word' id='word_1_318' title='bbox 266 1839 404 1879; x_wconf 81' lang='lat' dir='ltr'><strong>obsitis,</strong></span> <span class='ocrx_word' id='word_1_319' title='bbox 427 1837 487 1868; x_wconf 87' lang='lat' dir='ltr'><strong>ubi</strong></span> <span class='ocrx_word' id='word_1_320' title='bbox 507 1844 613 1868; x_wconf 78' lang='lat' dir='ltr'><strong>tactus</strong></span> <span class='ocrx_word' id='word_1_321' title='bbox 634 1835 799 1879; x_wconf 81' lang='lat' dir='ltr'><strong>perfectio</strong></span> <span class='ocrx_word' id='word_1_322' title='bbox 820 1835 1018 1868; x_wconf 85' lang='lat' dir='ltr'><strong>decrescere</strong></span> <span class='ocrx_word' id='word_1_323' title='bbox 1041 1835 1175 1870; x_wconf 79' lang='lat' dir='ltr'><strong>videtur</strong></span> <span class='ocrx_word' id='word_1_324' title='bbox 1196 1837 1239 1870; x_wconf 87' lang='lat' dir='ltr'><strong>ad</strong></span> <span class='ocrx_word' id='word_1_325' title='bbox 1268 1840 1436 1871; x_wconf 82' lang='lat' dir='ltr'><strong>inversam</strong></span> <span class='ocrx_word' id='word_1_326' title='bbox 1463 1842 1647 1882; x_wconf 67' lang='lat' dir='ltr'><strong>systematis</strong></span> <span class='ocrx_word' id='word_1_327' title='bbox 1670 1844 1852 1887; x_wconf 87' lang='lat' dir='ltr'><strong>phanerosi</strong></span> 
     </span>
     <span class='ocr_line' id='line_1_31' title="bbox 182 1897 359 1930; baseline -0.017 0"><span class='ocrx_word' id='word_1_328' title='bbox 182 1897 359 1930; x_wconf 83' lang='lat' dir='ltr'><strong>rationem.</strong></span> 
     </span>
    </p>

    <p class='ocr_par' dir='ltr' id='par_1_6' title="bbox 184 1949 1851 2053">
     <span class='ocr_line' id='line_1_32' title="bbox 228 1949 1850 1997; baseline -0.001 -14"><span class='ocrx_word' id='word_1_329' title='bbox 228 1953 356 1983; x_wconf 88' lang='lat' dir='ltr'><strong>Tactus</strong></span> <span class='ocrx_word' id='word_1_330' title='bbox 381 1949 532 1993; x_wconf 85' lang='lat' dir='ltr'><strong>specialis</strong></span> <span class='ocrx_word' id='word_1_331' title='bbox 555 1950 749 1991; x_wconf 71' lang='lat' dir='ltr'><strong>(toacher,</strong></span> <span class='ocrx_word' id='word_1_332' title='bbox 773 1950 956 1992; x_wconf 84' lang='lat' dir='ltr'><strong>Bichat)</strong></span> <span class='ocrx_word' id='word_1_333' title='bbox 978 1950 1135 1982; x_wconf 88' lang='lat' dir='ltr'><strong>minimus</strong></span> <span class='ocrx_word' id='word_1_334' title='bbox 1156 1958 1206 1983; x_wconf 89' lang='lat' dir='ltr'><strong>est</strong></span> <span class='ocrx_word' id='word_1_335' title='bbox 1228 1951 1263 1982; x_wconf 90' lang='lat' dir='ltr'><strong>in</strong></span> <span class='ocrx_word' id='word_1_336' title='bbox 1277 1951 1461 1983; x_wconf 85' lang='lat' dir='ltr'><strong>batrachiis</strong></span> <span class='ocrx_word' id='word_1_337' title='bbox 1477 1975 1487 1988; x_wconf 83' lang='lat'>‚</span> <span class='ocrx_word' id='word_1_338' title='bbox 1514 1952 1643 1995; x_wconf 85' lang='lat' dir='ltr'><strong>quippe</strong></span> <span class='ocrx_word' id='word_1_339' title='bbox 1674 1967 1757 1997; x_wconf 87' lang='lat' dir='ltr'><strong>quae</strong></span> <span class='ocrx_word' id='word_1_340' title='bbox 1790 1968 1850 1988; x_wconf 81' lang='lat' dir='ltr'><strong>or-</strong></span> 
     </span>
     <span class='ocr_line' id='line_1_33' title="bbox 184 2005 1851 2053; baseline 0.002 -13"><span class='ocrx_word' id='word_1_341' title='bbox 184 2019 270 2051; x_wconf 75' lang='lat' dir='ltr'><strong>gana</strong></span> <span class='ocrx_word' id='word_1_342' title='bbox 300 2006 343 2038; x_wconf 86' lang='lat' dir='ltr'><strong>ad</strong></span> <span class='ocrx_word' id='word_1_343' title='bbox 368 2006 500 2038; x_wconf 84' lang='lat' dir='ltr'><strong>huncce</strong></span> <span class='ocrx_word' id='word_1_344' title='bbox 530 2017 627 2037; x_wconf 85' lang='lat' dir='ltr'><strong>usum</strong></span> <span class='ocrx_word' id='word_1_345' title='bbox 658 2005 796 2038; x_wconf 87' lang='lat' dir='ltr'><strong>minime</strong></span> <span class='ocrx_word' id='word_1_346' title='bbox 831 2014 909 2049; x_wconf 83' lang='lat' dir='ltr'><strong>apta</strong></span> <span class='ocrx_word' id='word_1_347' title='bbox 940 2006 1098 2040; x_wconf 82' lang='lat' dir='ltr'><strong>habeant.</strong></span> <span class='ocrx_word' id='word_1_348' title='bbox 1155 2008 1195 2040; x_wconf 88' lang='lat' dir='ltr'><strong>In</strong></span> <span class='ocrx_word' id='word_1_349' title='bbox 1225 2007 1371 2053; x_wconf 89' lang='lat' dir='ltr'><strong>pedibus</strong></span> <span class='ocrx_word' id='word_1_350' title='bbox 1405 2008 1495 2040; x_wconf 86' lang='lat' dir='ltr'><strong>enim</strong></span> <span class='ocrx_word' id='word_1_351' title='bbox 1523 2009 1749 2043; x_wconf 81' lang='lat' dir='ltr'><strong>anterioribus</strong></span> <span class='ocrx_word' id='word_1_352' title='bbox 1788 2023 1851 2043; x_wconf 79' lang='lat' dir='ltr'><strong>cu-</strong></span> 
     </span>
    </p>
   </div>
   <div class='ocr_carea' id='block_1_3' title="bbox 1815 2068 1854 2099">
    <p class='ocr_par' dir='ltr' id='par_1_7' title="bbox 1815 2068 1854 2099">
     <span class='ocr_line' id='line_1_34' title="bbox 1815 2068 1854 2099; baseline 0.051 -2"><span class='ocrx_word' id='word_1_353' title='bbox 1815 2068 1854 2099; x_wconf 79' lang='lat' dir='ltr'><strong>tis</strong></span> 
     </span>
    </p>
   </div>
   <div class='ocr_carea' id='block_1_4' title="bbox 196 2166 1850 2299">
    <p class='ocr_par' dir='ltr' id='par_1_8' title="bbox 196 2166 1850 2299">
     <span class='ocr_line' id='line_1_35' title="bbox 221 2166 1069 2204; baseline 0.001 -9"><span class='ocrx_word' id='word_1_354' title='bbox 221 2171 253 2204; x_wconf 91' lang='grc'><strong>(1</strong></span> <span class='ocrx_word' id='word_1_355' title='bbox 268 2169 277 2202; x_wconf 93' lang='grc'>)</span> <span class='ocrx_word' id='word_1_356' title='bbox 301 2167 476 2194; x_wconf 80' lang='lat' dir='ltr'><strong>Boddaert</strong></span> <span class='ocrx_word' id='word_1_357' title='bbox 493 2166 610 2196; x_wconf 83' lang='lat' dir='ltr'><strong>Natuurl.</strong></span> <span class='ocrx_word' id='word_1_358' title='bbox 628 2168 726 2197; x_wconf 71' lang='lat' dir='ltr'><strong>hesehr.</strong></span> <span class='ocrx_word' id='word_1_359' title='bbox 746 2169 790 2196; x_wconf 84' lang='lat' dir='ltr'><strong>dex·</strong></span> <span class='ocrx_word' id='word_1_360' title='bbox 808 2170 894 2195; x_wconf 81' lang='lat' dir='ltr'><strong>dieren</strong></span> <span class='ocrx_word' id='word_1_361' title='bbox 908 2190 915 2204; x_wconf 89' lang='lat'>‚</span> <span class='ocrx_word' id='word_1_362' title='bbox 939 2177 995 2204; x_wconf 73' lang='lat' dir='ltr'><strong>pag.</strong></span> <span class='ocrx_word' id='word_1_363' title='bbox 1014 2178 1069 2202; x_wconf 86' lang='grc'><strong>170.</strong></span> 
     </span>
     <span class='ocr_line' id='line_1_36' title="bbox 223 2214 1850 2250; baseline 0.002 -10"><span class='ocrx_word' id='word_1_364' title='bbox 223 2215 279 2249; x_wconf 84' lang='lat'><strong>(2)</strong></span> <span class='ocrx_word' id='word_1_365' title='bbox 305 2215 363 2241; x_wconf 79' lang='lat' dir='ltr'><strong>Vid.</strong></span> <span class='ocrx_word' id='word_1_366' title='bbox 382 2215 490 2248; x_wconf 85' lang='lat' dir='ltr'><strong>Analyse</strong></span> <span class='ocrx_word' id='word_1_367' title='bbox 512 2214 554 2239; x_wconf 89' lang='lat' dir='ltr'><strong>des</strong></span> <span class='ocrx_word' id='word_1_368' title='bbox 576 2220 677 2241; x_wconf 78' lang='lat' dir='ltr'><strong>travaux</strong></span> <span class='ocrx_word' id='word_1_369' title='bbox 699 2217 728 2242; x_wconf 82' lang='lat' dir='ltr'><strong>de</strong></span> <span class='ocrx_word' id='word_1_370' title='bbox 748 2217 897 2243; x_wconf 76' lang='lat' dir='ltr'><strong>l’academie</strong></span> <span class='ocrx_word' id='word_1_371' title='bbox 913 2217 999 2250; x_wconf 79' lang='lat' dir='ltr'><strong>royale</strong></span> <span class='ocrx_word' id='word_1_372' title='bbox 1013 2216 1043 2242; x_wconf 81' lang='lat' dir='ltr'><strong>de</strong></span> <span class='ocrx_word' id='word_1_373' title='bbox 1057 2216 1168 2242; x_wconf 79' lang='lat' dir='ltr'><strong>sciences</strong></span> <span class='ocrx_word' id='word_1_374' title='bbox 1195 2214 1269 2250; x_wconf 79' lang='lat' dir='ltr'><strong>pend.</strong></span> <span class='ocrx_word' id='word_1_375' title='bbox 1287 2216 1360 2249; x_wconf 84' lang='grc'><strong>1816,</strong></span> <span class='ocrx_word' id='word_1_376' title='bbox 1384 2224 1429 2250; x_wconf 81' lang='lat' dir='ltr'><strong>pai·</strong></span> <span class='ocrx_word' id='word_1_377' title='bbox 1452 2216 1577 2243; x_wconf 77' lang='lat' dir='ltr'><strong>Cuvier</strong></span> <span class='ocrx_word' id='word_1_378' title='bbox 1602 2216 1663 2244; x_wconf 75' lang='lat' dir='ltr'><strong>dans</strong></span> <span class='ocrx_word' id='word_1_379' title='bbox 1684 2217 1722 2244; x_wconf 72' lang='lat' dir='ltr'><strong>les</strong></span> <span class='ocrx_word' id='word_1_380' title='bbox 1742 2218 1850 2245; x_wconf 63' lang='lat' dir='ltr'><strong>Annales</strong></span> 
     </span>
     <span class='ocr_line' id='line_1_37' title="bbox 196 2261 1574 2299; baseline 0.002 -11"><span class='ocrx_word' id='word_1_381' title='bbox 196 2262 261 2290; x_wconf 72' lang='lat' dir='ltr'><strong>een.</strong></span> <span class='ocrx_word' id='word_1_382' title='bbox 283 2262 313 2289; x_wconf 80' lang='lat' dir='ltr'><strong>de</strong></span> <span class='ocrx_word' id='word_1_383' title='bbox 335 2263 450 2289; x_wconf 80' lang='lat' dir='ltr'><strong>Scicnces</strong></span> <span class='ocrx_word' id='word_1_384' title='bbox 472 2261 577 2296; x_wconf 73' lang='lat' dir='ltr'><strong>Physiq.</strong></span> <span class='ocrx_word' id='word_1_385' title='bbox 595 2271 640 2296; x_wconf 81' lang='lat' dir='ltr'><strong>par</strong></span> <span class='ocrx_word' id='word_1_386' title='bbox 663 2263 751 2297; x_wconf 74' lang='lat' dir='ltr'><strong>Bon-y</strong></span> <span class='ocrx_word' id='word_1_387' title='bbox 769 2264 806 2290; x_wconf 80' lang='lat' dir='ltr'><strong>de</strong></span> <span class='ocrx_word' id='word_1_388' title='bbox 824 2264 861 2293; x_wconf 85' lang='lat' dir='ltr'><strong>St.</strong></span> <span class='ocrx_word' id='word_1_389' title='bbox 880 2264 1044 2299; x_wconf 75' lang='lat' dir='ltr'><strong>vincent,</strong></span> <span class='ocrx_word' id='word_1_390' title='bbox 1061 2263 1210 2299; x_wconf 85' lang='lat' dir='ltr'><strong>Drapiez</strong></span> <span class='ocrx_word' id='word_1_391' title='bbox 1228 2268 1254 2289; x_wconf 84' lang='lat' dir='ltr'><strong>et</strong></span> <span class='ocrx_word' id='word_1_392' title='bbox 1270 2272 1294 2292; x_wconf 76' lang='lat' dir='ltr'><strong>v·</strong></span> <span class='ocrx_word' id='word_1_393' title='bbox 1312 2263 1414 2291; x_wconf 87' lang='lat' dir='ltr'><strong>Mons.</strong></span> <span class='ocrx_word' id='word_1_394' title='bbox 1440 2264 1512 2292; x_wconf 87' lang='lat' dir='ltr'><strong>Tom.</strong></span> <span class='ocrx_word' id='word_1_395' title='bbox 1527 2263 1574 2291; x_wconf 80' lang='lat' dir='ltr'><strong>IV.</strong></span> 
     </span>
    </p>
   </div>
   <div class='ocr_carea' id='block_1_5' title="bbox 1171 2336 1199 2369">
    <p class='ocr_par' dir='ltr' id='par_1_9' title="bbox 1171 2336 1199 2369">
     <span class='ocr_line' id='line_1_38' title="bbox 1171 2336 1199 2369; baseline 0 0"><span class='ocrx_word' id='word_1_396' title='bbox 1171 2336 1199 2369; x_wconf 79' lang='lat' dir='ltr'><strong>F</strong></span> 
     </span>
    </p>
   </div>
  </div>
 </body>
</html>
