2080 2744
442 195 798 237 COMMENTAHO
823 200 875 227 AD
898 193 1242 237 QUAESTIONEM
1267 196 1597 233 ZOOLOGICAM.
1817 203 1857 234 25

202 293 274 327 ,03
299 290 453 336 femoris
478 297 538 321 ¹est
574 286 762 319 susiforme.
822 284 959 331 Duplici
989 284 1113 327 gaudet
1142 288 1349 329 curvatura,
1380 299 1524 334 quarum
1557 288 1617 323 illa
1648 302 1734 334 quae
1764 292 1846 333 pel-

169 350 240 383 vim
273 355 404 391 spectat.
439 345 551 378 antice
579 356 749 381 concava,
779 355 866 387 quae
898 342 1028 375 tibiam
1057 351 1189 385 spectat
1222 344 1332 376 amice
1365 355 1513 378 convexa
1552 354 1612 378 est.
1670 347 1845 379 Extremi-

170 415 219 439 ιω
248 405 348 446 hujus
387 402 467 435 ossis
502 401 658 446 superior
694 408 797 444 caput
833 398 961 438 habet,
1004 397 1097 441 quod
1137 398 1246 432 libere
1275 409 1428 432 movetur
1464 401 1501 432 iu
1546 404 1700 436 cavitate
1745 410 1846 447 coty-

169 461 288 496 Ioideci
314 461 405 492 ossis
435 459 544 491 ischia·
573 466 606 490 et
635 458 762 500 pubis,
793 455 911 499 ibique
944 454 1113 486 retinetur
1143 454 1324 498 ligamento
1358 456 1548 499 capsulari‚
1583 467 1686 491 totam
1719 460 1848 493 cavita-

169 519 210 555 tis
237 518 424 561 marginem
459 516 640 549 ambiente.
692 512 895 546 Extremitas
928 510 1073 543 inferior
1109 512 1249 557 condj'li
1278 516 1316 545 in
1346 513 1483 546 homine
1515 516 1648 546 externi
1674 526 1706 548 et
1732 516 1847 547 inter-

169 576 206 608 ni
224 574 421 608 rudimenta
444 572 611 617 quaedam
630 570 747 612 offert,
770 568 866 601 rudis
888 576 1001 600 autem
1027 569 1222 612 saepissime
1245 569 1350 617 moles
1378 570 1536 612 videtur,
1565 570 1759 615 cartilagine
1779 573 1845 605 ob-

163 633 276 665 ducta.

211 687 320 720 Tibia
343 692 377 716 et
389 684 530 726 fibula,
555 685 705 727 quamvis
733 682 917 727 separatim
945 693 1014 712 non
1036 690 1248 725 appareant,
1273 683 1391 715 ambae
1415 684 1560 723 adsunt,
1585 684 1644 716 sed
1674 686 1847 727 congluti-

161 753 274 778 natae.
318 743 359 773 In
385 741 595 773 extremitate
618 740 711 771 enim
729 738 903 781 superiore
924 744 958 768 et
977 736 1162 778 inferiore,
1188 746 1329 771 externa
1352 748 1385 771 et
1409 739 1545 772 interna
1571 740 1671 781 liujus
1693 740 1844 782 glutina-

162 801 264 835 tionis
284 797 423 839 vestigia
442 805 622 840 apparent.
665 797 773 828 Parva
799 793 947 836 gaudent
975 794 1158 826 curvatura
1182 794 1341 827 deorsum
1368 799 1529 829 convexa.
1575 797 1707 829 Ambae
1728 806 1845 830 extre*

160 859 293 890 mitates
317 853 510 893 cartilagine
530 854 661 884 cinctae
681 852 871 894 gynglymo
889 858 1092 887 moventur,
1118 850 1384 895 firmissimisque
1407 853 1596 894 ligamentis
1620 854 1842 886 circumdan-

159 923 225 946 tur.
249 911 291 943 In
309 907 423 941 media
442 908 625 952 superficie
643 918 802 949 maguum
814 905 969 937 foramen
988 905 1141 936 occurrit
1159 908 1379 939 nutrititium.
1406 910 1547 951 Figurae
1571 918 1625 942 est
1644 922 1678 942 os
1701 911 1738 941 in
1764 922 1841 943 me-

164 970 221 1002 dio
239 965 441 1004 fusiformis‚
465 964 503 995 in
527 964 797 996 extremitatibus
820 962 925 1002 latae,
951 974 1173 1006 compressae.

168 1054 172 1055 ⁷
203 1026 342 1058 Tarsus
369 1021 575 1063 astragalo‚
599 1021 764 1052 calcaneo
791 1027 825 1051 et
852 1019 1017 1051 ossiculis
1043 1028 1175 1051 constat
1212 1022 1503 1065 canezsformibas.
1550 1026 1777 1069 Astragalas
1807 1035 1843 1058 et

158 1083 348 1116 calcaneus
365 1075 473 1110 multo
488 1077 633 1118 majores
649 1076 779 1108 suntin
797 1077 822 1107 B
834 1075 986 1107 atraeh
998 1076 1055 1106 iis
1080 1088 1181 1120 quam
1195 1078 1232 1108 in
1251 1080 1392 1110 caeteris
1418 1080 1615 1114 animalium
1636 1082 1841 1124 ordinibus·,

160 1137 253 1183 quod
286 1135 385 1168 saltui
412 1133 534 1165 ranino
568 1133 698 1174 egregie
730 1132 882 1164 inservit.
928 1133 1120 1174 Quominus
1146 1142 1258 1166 autem
1280 1135 1346 1167 hoc
1376 1137 1476 1168 nimis
1506 1137 1697 1179 teleologice
1725 1144 1841 1174 consi—

159 1196 323 1229 deretur,
348 1190 535 1234 prohibent
559 1190 723 1230 Imsones,
748 1191 808 1233 qui
834 1189 985 1233 quamvis
1012 1192 1242 1231 astragalum
1273 1199 1307 1222 et
1334 1193 1541 1225 calcaneum
1564 1195 1714 1228 habeant
1735 1209 1841 1242 aeque

153 1252 272 1292 longos
292 1259 331 1279 ac
355 1248 466 1278 Rana
484 1246 666 1275 esculenta
690 1253 724 1274 et
742 1247 964 1284 temporaria
979 1265 988 1282 ,
1011 1245 1099 1274 saltu
1123 1245 1180 1276 vix
1206 1254 1362 1278 utuntur.

172 1324 179 1328 ›
199 1304 425 1346 Astragalas
450 1302 518 1342 jam
549 1307 583 1331 et
615 1300 806 1331 calcaneus
841 1301 992 1342 quamvis
1024 1302 1191 1346 separati,
1223 1304 1260 1335 in
1289 1307 1556 1342 extremitatibus
1584 1322 1663 1345 sunt
1693 1324 1844 1349 conci-ei

158 1365 183 1396 ti
207 1362 324 1404 ibique
344 1369 493 1400 superne
516 1357 700 1399 ga'nglymo
727 1365 905 1388 moventur
929 1368 1032 1401 super
1055 1359 1180 1391 tibiam
1198 1369 1231 1392 et
1245 1361 1422 1403 fibulam,
1446 1365 1581 1400 inferne
1606 1381 1711 1412 super
1743 1382 1845 1414 quad

159 1428 243 1453 taor
268 1416 422 1448 ossicula
452 1413 698 1455 canezjfbrmia.
744 1412 866 1445 Forma
890 1422 941 1445 est
971 1415 1148 1458 utriusque
1177 1416 1333 1458 oblonga.
1381 1420 1464 1451 Fere
1492 1424 1640 1454 nescires
1678 1427 1762 1469 quid
1802 1441 1837 1460 os

158 1475 319 1509 calcanei
340 1472 496 1510 nomine,
521 1469 674 1514 quidque
693 1469 752 1502 illo
774 1472 957 1514 astragali
978 1471 1168 1513 insignires-
1215 1474 1312 1505 Prius
1329 1487 1408 1507 vero
1430 1488 1485 1514 os,
1511 1478 1685 1523 aliquanto
1706 1484 1836 1521 minus,

158 1530 339 1573 amiceque
360 1539 544 1560 convexum
565 1527 760 1561 vocabimus
782 1530 1029 1572 astragalum,
1056 1542 1132 1563 cum
1158 1531 1322 1564 calcaneo
1347 1533 1439 1577 quod
1460 1544 1594 1569 rectum
1610 1547 1661 1570 est
1685 1542 1836 1582 conjun-

156 1590 246 1631 gitur
268 1584 453 1629 syneurosi.

204 1641 371 1676 Ossicula
394 1640 634 1683 canez'sormia
655 1649 857 1685 sequuntur.
902 1643 1032 1676 Seriem
1061 1645 1224 1678 exhibent
1254 1647 1405 1692 tar-sique
1428 1649 1597 1694 reliquium
1623 1654 1837 1688 anticamt'ue

160 1700 370 1734 constituunt
394 1705 537 1741 partem.
581 1698 621 1728 In
641 1698 822 1739 juvenibus
848 1700 1036 1733 individuis
1063 1714 1169 1734 massa
1189 1706 1423 1738 tantummodo
1447 1708 1678 1751 cartilaginosa
1701 1687 1838 1744 videtur

145 1759 251 1793 esse,
274 1755 312 1786 in
336 1752 526 1785 senioribus
549 1764 647 1795 saepe
672 1767 777 1786 unum
806 1755 914 1789 <luove
939 1759 1091 1792 abortiva
1121 1770 1210 1793 sunt.
1257 1763 1297 1794 In
1325 1765 1529 1806 quibusnam
1557 1767 1648 1800 enim
1676 1767 1766 1806 duo,
1801 1771 1837 1801 in

159 1814 230 1846 aliis
248 1812 330 1847 tria,
356 1818 540 1854 quatuorve
558 1811 683 1843 inveni.
730 1812 884 1844 Ossicula
906 1823 985 1846 sunt
1009 1816 1169 1857 minima,
1193 1818 1318 1851 formae
1339 1821 1612 1863 subiri-egularis.

201 1869 427 1901 Bletatarsas
467 1867 619 1911 quinque
650 1867 789 1900 >constat.
821 1870 950 1902 ossibus
983 1873 1190 1914 majoribus,
1225 1887 1374 1919 unoquev
1393 1878 1543 1919 minore,
1578 1880 1687 1912 minus
1717 1890 1768 1914 est
1800 1896 1838 1915 os

161 1927 353 1960 metatarsi
380 1926 545 1968 pollicis,
583 1926 675 1969 quod
707 1926 743 1958 in
780 1929 982 1972 quibusdam
1012 1930 1198 1961 individuis
1229 1944 1334 1976 parvo
1370 1934 1489 1966 tubere
1519 1936 1735 1979 cartilagineo
1754 1963 1764 1976 ‚
1800 1941 1838 1973 in.

160 1983 232 2015 aliis
274 1993 367 2013 osseo
406 1989 558 2012 constare
588 1980 672 2012 mihi
712 1982 820 2014 visum
860 1993 921 2017 est.
983 1986 1075 2018 Ossa
1114 1989 1306 2019 nzetatarsi
1339 1989 1452 2031 digiti
1488 1994 1661 2033 secundi,
1704 1998 1833 2035 ίεΓίίἰ,

161 2039 285 2083 quarti
315 2046 349 2069 et
377 2037 496 2080 quinti
527 2037 650 2068 sensim
680 2040 873 2083 sensimque
904 2050 1087 2078 crescunt,
1123 2045 1215 2074 sexti
1252 2043 1441 2084 decrescit,
1480 2048 1528 2078 ita
1558 2057 1595 2080 ut
1633 2050 1704 2083 fere
1731 2065 1838 2096 aeque

159 2095 297 2136 longum
325 2093 367 2124 sit
401 2105 439 2125 ac
476 2105 513 2124 os
552 2094 746 2125 nzetoetarsi
776 2095 888 2137 digiti
921 2098 1056 2139 quarti.
1114 2100 1198 2130 Ossa
1235 2099 1306 2131 fexe
1337 2111 1416 2133 sunt
1453 2103 1661 2143 fusiformia‚
1708 2108 1750 2139 ad
1791 2122 1837 2141 u-

162 2159 316 2194 tramque
346 2149 590 2181 extremitatem
612 2149 823 2194 aliquotenus
853 2151 1002 2184 dilatata.
1048 2154 1138 2187 Basis
1171 2166 1247 2188 cava
1265 2179 1274 2196 ,
1303 2160 1493 2191 extremitas
1523 2164 1677 2205 superior
1708 2170 1844 2198 conve-'

161 2220 202 2240 xa
232 2215 294 2239 est.

206 2263 336 2306 Dz'gz'lz‘
356 2262 479 2295 adsunt
503 2276 574 2296 sex.
619 2266 744 2298 Pollex
767 2269 917 2299 omnium
941 2267 1157 2301 brevissimus
1175 2278 1234 2302 est.
1281 2270 1311 2302 A
1334 2271 1458 2316 pollice
1480 2285 1587 2319 nsque
1607 2275 1649 2308 ad
1676 2279 1840 2321 quinium

170 2319 383 2362 longitudine
404 2329 563 2354 crescunt
595 2321 711 2363 digiti,
736 2333 847 2357 sextus
870 2324 1047 2360 decrescit.
1094 2327 1211 2360 Pollex
1232 2341 1341 2361 unam
1366 2332 1596 2367 tantummodo
1623 2334 1841 2379 habetplza-

1120 2385 1149 2415 D
1726 2431 1737 2437 ί
1758 2396 1840 2435 lan-
