2080 2744
397 208 749 247 COMMENTATIO
774 214 825 241 AD
849 204 1196 251 QUAESTIONEM
1219 204 1548 240 ZOOLOGICAM.
1786 212 1827 253 57

149 307 247 344 202-211
273 305 405 353 positus
430 309 466 336 et
490 304 564 346 ejus
586 300 730 339 margini
759 299 957 333 adhaerens.
1010 297 1143 331 Tendit
1163 307 1271 340 usque
1292 296 1335 328 ad
1357 299 1436 331 ossis
1459 298 1594 331 h'umeri
1623 309 1702 331 cum
1731 306 1824 333 ster-

149 376 195 399 no
217 360 507 398 articulationem,
531 359 592 391 ubi
615 357 792 391 tendinem
815 357 1046 389 firmissimum
1072 355 1213 394 format,
1238 352 1303 397 qui·
1322 353 1475 387 canalem
1494 354 1705 388 humeralem
1727 363 1828 388 tran-

150 423 192 454 sit
215 428 316 464 atque
336 415 501 450 annulum
520 414 737 448 tendinosum
755 412 1014 462 provenientem
1036 423 1078 444 ex
1100 410 1230 443 duabus
1252 410 1522 444 extremitatibus
1547 412 1672 454 magni
1689 413 1825 445 Pecto-

151 477 261 516 ναίἰε,
292 475 354 508 suh
383 473 589 506 Delto'z'deo.

161 545 165 548 ·
183 531 353 565 Inseritur
374 528 580 562 extremitati
599 525 687 559 radii
711 538 746 558 os
770 525 903 559 humeri
927 525 1101 569 spectanti
1122 532 1156 556 et
1175 522 1318 567 quidem
1341 523 1404 555 sub
1429 523 1578 567 capsula.

189 588 243 622 Μ.
271 587 423 628 Triceps
446 585 654 616 hrachialis.
701 583 829 615 Tribus
853 591 983 616 constat
997 581 1171 628 partibu3‚
1193 580 1250 622 (si
1269 580 1438 613 rationem
1465 579 1612 613 hominis
1635 580 1830 624 habemus)

149 642 356 684 majoribus,
379 640 501 673 eadem
521 651 600 673 vero
627 638 853 680 gaudentibus
876 639 1075 671 insertione.

191 700 244 731 M.
271 698 471 740 Sapinator
493 696 553 741 qui
574 695 695 727 unicus
710 695 823 732 adest,
845 695 1005 738 provenit
1018 707 1037 727 a
1058 692 1205 737 condylo
1221 699 1385 734 extern03
1413 693 1642 728 articulationi
1661 696 1728 738 qua
1751 706 1826 729 ma·-

151 765 214 787 nus
240 764 317 786 cum
339 752 556 784 amihrachio
580 750 733 794 jungitur
757 750 935 783 adhaeret.

193 810 246 844 M.
274 811 458 843 Pronator
484 808 605 840 unicus
640 807 700 850 qui
730 806 845 845 adest,
878 807 1038 849 provenit
1068 819 1087 839 a
1118 804 1265 850 condylo
1297 805 1454 848 intern03
1493 807 1722 841 articulationi
1761 810 1829 851 qua

151 877 269 901 manus
291 877 372 898 cum
390 863 606 897 antibrachio
628 863 805 904 jungitur,
832 865 928 905 juxta
953 863 1187 904 sxrpinatorem
1209 863 1385 896 inseritur·

787 987 881 1019 Mus
895 985 984 1019 culi
1030 997 1194 1019 manus.

195 1113 280 1146 Fere
299 1111 406 1145 iidem
426 1118 507 1144 sunt
526 1111 670 1145 musculi
693 1122 812 1145 manus
833 1123 935 1145 ranae
958 1123 1036 1145 cum
1058 1110 1219 1143 musculis
1241 1119 1360 1142 manus
1382 1109 1541 1141 hominis.

194 1168 314 1202 Pollex
335 1176 445 1200 autem
469 1169 566 1210 cujus
588 1168 824 1201 rudimentum
840 1168 1077 1201 tantummodo
1097 1167 1212 1204 adest,
1235 1176 1305 1199 uno
1328 1164 1445 1198 saltem
1460 1163 1636 1209 praeditus
1659 1173 1710 1199 est
1732 1177 1829 1200 mus-

151 1222 250 1259 culo:
272 1223 491 1263 Extensore‚
511 1236 529 1255 a
545 1223 691 1263 condylo
712 1226 870 1254 veniente
893 1233 1045 1257 externe.

163 1300 165 1302 -
195 1277 317 1312 mtimi
339 1276 407 1309 duo
430 1277 529 1319 digiti
551 1276 785 1309 extensoribus
810 1276 912 1309 etiam
940 1276 1090 1321 praediti
1115 1283 1216 1316 sunt,
1250 1276 1311 1321 qui
1337 1276 1511 1313 venientes
1544 1289 1563 1312 a
1592 1278 1738 1323 condylo
1771 1291 1835 1313 ex-

155 1343 282 1375 terno,
303 1333 430 1368 ultimis
454 1331 680 1376 phalangibus
708 1332 892 1376 digitorum
926 1333 1138 1367 inseruntur.

938 1460 971 1501 ς.
1016 1457 1050 1490 4.

648 1541 809 1577 Mat-sculi
836 1543 1080 1577 extremitatis
1107 1542 1348 1585 posterioris-t

974 1668 1025 1702 Aa

385 1748 577 1784 Musculi
612 1751 779 1794 quihus
810 1760 852 1785 os
882 1752 1066 1786 femoris
1098 1751 1151 1785 ad
1185 1751 1355 1796 pelvim
1387 1760 1596 1788 movetur.

198 1866 252 1900 Μ.
283 1863 433 1897 Iliacus.
478 1861 613 1904 Longus
642 1869 720 1903 estg
756 1862 849 1895 labio
873 1864 1010 1896 interno
1035 1863 1155 1898 cristae
1181 1866 1262 1898 ossis
1285 1865 1384 1898 ischii
1418 1873 1452 1897 et
1482 1864 1585 1908 pubis
1615 1867 1833 1910 annectitur,

154 1919 341 1966 capitulum
363 1917 443 1951 ossis
473 1917 610 1950 femoris
642 1918 804 1961 contigit,
834 1927 870 1953 et
898 1920 1061 1954 inseritur
1085 1933 1149 1968 Fer
1179 1922 1328 1965 speciem
1363 1921 1582 1965 aponeurosis
1612 1922 1676 1954 ossi
1697 1922 1833 1956 femoris

153 1988 255 2020 supra
277 1974 531 2008 trochanterem
551 1974 729 2008 minorem.

194 2033 248 2065 M.
271 2031 491 2065 Pectinaeus
518 2030 562 2062 ad
592 2031 738 2064 mediam
759 2032 839 2065 ossis
867 2032 1005 2067 semoris
1028 2043 1163 2078 partem
1194 2033 1396 2075 descendit,
1419 2033 1510 2067 inter
1532 2044 1568 2068 os
1593 2035 1695 2079 pubis
1716 2044 1749 2068 et
1776 2036 1833 2075 seg

151 2087 254 2121 moris
275 2094 410 2130 partem
434 2086 649 2130 superiorem
673 2089 851 2122 oriundus.

192 2144 247 2177 M.
268 2142 427 2177 Glutaei.
471 2143 563 2175 Tres
577 2143 638 2187 qui
655 2144 848 2179 in--homine
869 2145 993 2180 adsunt
1015 2146 1154 2181 iii-rana
1178 2146 1347 2181 esculenta
1368 2146 1528 2180 inunum
1552 2159 1666 2181 omnes
1691 2148 1829 2182 coalue-

151 2207 246 2235 runt.
287 2199 319 2231 A
339 2197 485 2240 longiori
512 2207 609 2242 parte
629 2200 678 2232 ilii
705 2203 934 2244 proveniens,
958 2203 1020 2234 sub
1048 2203 1199 2246 capitulo
1222 2205 1302 2236 ossis
1326 2204 1463 2236 femoris
1485 2204 1660 2237 inseritur.

197 2254 251 2288 u.
282 2254 434 2297 Trio-eps
460 2253 641 2288 adductor
663 2255 773 2290 tribus
800 2258 887 2291 sicut
906 2259 1043 2292 homine
1069 2268 1202 2293 constat
1230 2260 1402 2293 musculis.

198 2308 339 2344 Primus.
355 2320 459 2355 super
480 2310 680 2355 symphysin
706 2314 827 2358 pubis,
852 2315 1021 2350 secundus
1042 2316 1256 2361 aliquetenus
1279 2315 1444 2357 inferius,
1469 2315 1589 2348 tertius
1619 2316 1770 2361 superius
1796 2320 1832 2352 in

1133 2372 1161 2406 E
1183 2374 1201 2407 5
1748 2373 1833 2417 par-f
