2080 2744
420 222 770 258 COMMENTATIO
805 229 856 253 AD
889 219 1235 264 QUAESTIONEM
1266 218 1591 253 ZOOLOGICAM.
1802 225 1843 257 45

166 321 312 363 lagineae
341 316 411 348 sere
437 314 616 347 soliditatis
648 313 931 357 aliquotenusque
957 312 1149 357 (liaphana,
1180 312 1227 343 ita
1249 318 1288 341 ut
1311 310 1476 352 pigmenti
1504 311 1702 353 nigricantis
1740 313 1836 345 colo—

167 388 240 408 rem
257 375 326 406 sere
352 372 570 402 transmittat.
616 370 771 402 Colorem
790 371 895 413 ipsius
922 369 1137 400 membranae
1165 367 1542 408 argyro-terphrodea
1562 369 1736 399 nominare
1754 378 1837 411 pos-

167 442 235 470 seS‚
259 428 418 470 idemque
446 435 495 458 est
523 427 583 470 qui
609 427 643 458 in
668 426 818 469 piscibus
845 425 1055 456 observatur.
1112 424 1245 455 Cornea
1278 420 1355 452 Satis
1386 430 1436 452 est
1468 433 1637 461 convexa,
1670 424 1839 466 igiturque

167 498 298 527 magna.
344 480 553 514 Choroideae
576 481 711 512 interna
739 479 935 524 superficies
961 479 1143 519 nigerrima
1158 486 1227 517 cst,
1250 484 1389 508 externa
1413 488 1492 509 vero
1512 487 1669 518 argenteo
1693 477 1840 521 quodam

165 542 276 573 nitore
291 538 425 571 albicat.
469 535 647 566 Processus
672 535 800 566 ciliares
823 545 889 566 non
918 533 1158 571 inveniuntur,
1184 533 1249 564 nisi
1272 531 1437 564 circulum
1458 531 1728 568 tuberculosum,
1753 532 1839 563 cho-

165 597 300 630 roideae
326 592 567 625 adhaerentem
593 588 674 631 (ubi
701 591 737 621 in
763 589 886 621 iridem
917 589 1012 630 abit)
1046 588 1268 632 capsulaeque
1300 587 1401 620 lentis
1422 585 1615 617 —cristallini
1640 586 1746 618 ferme
1774 587 1841 618 suis

165 651 267 684 radiis
283 649 501 689 adjunctum,
527 644 632 675 hoece
654 646 789 676 nomine
808 646 969 687 insignire
988 645 1136 677 velimus.
1182 644 1282 676 Iridis
1305 644 1434 687 postica
1455 643 1652 686 superficies
1671 645 1842 688 pigmento

165 704 309 747 gaudet,
336 712 436 733 aureo
464 697 611 741 quodam
634 699 763 740 fulgore
785 708 929 731 externo
950 711 1025 730 cnm
1055 699 1115 730 illo
1136 699 1225 731 oculi
1246 699 1371 743 piscini
1395 701 1625 733 conveniente.
1672 700 1841 743 Pupillam

166 760 306 805 plurimi
327 752 648 790 subrhomboideatn
671 763 837 786 vocarunt
853 777 862 793 ,
887 753 969 784 mihi
1003 765 1082 785 vero
1108 765 1242 796 semper
1276 753 1426 797 elliptica
1448 757 1516 789 visa
1539 764 1587 786 cst
1612 756 1695 798 (ι).
1739 757 1838 788 Reti-

165 827 210 846 na
239 813 434 845 densissima
462 817 528 846 est,
567 816 739 852 totamque
764 809 929 852 posticam
956 808 1043 841 oculi
1066 818 1198 853 partem
1232 810 1405 841 internam
1439 811 1539 851 tegit,
1564 821 1671 852 usque
1696 809 1739 841 ad
1758 809 1838 843 leu-

165 871 207 901 tis
233 868 411 910 capsulam.
456 865 573 894 Vitrea
603 863 764 894 abundat.
810 865 898 894 Lens
923 873 972 894 est
1003 863 1266 908 sphaeroidelis,
1305 865 1516 909 capsulisque
1550 865 1840 907 sphaeroidalibus

165 929 296 955 constat
332 918 576 956 concentricis‚
613 917 649 948 in
684 916 798 947 medio
833 918 1087 948 continentibus
1121 928 1267 954 nucem,
1302 920 1405 951 mirae
1439 920 1616 961 cujusdam
1640 920 1837 958 soliditatis,

167 989 251 1021 quae
275 975 373 1007 etiam
398 964 581 1012 analogiam
604 982 679 1001 cum
702 971 798 1002 oculo
818 973 947 1013 piscino
967 972 1094 1012 egregie
1114 971 1335 1005 demonstrat.

208 1030 335 1063 Oculus
352 1028 451 1060 variis
470 1034 623 1058 movetur
644 1025 815 1056 musculis.
862 1025 1038 1056 Musculus
1066 1025 1417 1068 infundibuliformis‚
1443 1042 1585 1063 nervum
1605 1032 1758 1074 opticum
1782 1039 1837 1064 to-

164 1097 237 1121 tum
268 1094 412 1130 quantus
443 1089 510 1117 est,
546 1080 786 1112 circumvestit.
832 1080 906 1110 Duo
935 1080 1067 1123 obliqui
1101 1089 1275 1123 praeterea
1298 1091 1485 1114 occurrunt
1513 1087 1723 1128 anteriores,
1747 1101 1837 1132 quo-

165 1154 243 1175 rum
268 1152 354 1172 unus
381 1139 417 1168 in
438 1136 540 1168 latere
562 1137 756 1179 superiore,
781 1134 865 1165 alter
894 1135 929 1165 in
956 1134 1058 1166 latere
1084 1135 1244 1167 inferiore
1273 1137 1360 1168 oculi
1386 1137 1556 1170 inseritur.
1601 1141 1675 1173 Duo
1703 1155 1838 1186 quoque

166 1195 297 1239 obliqui
319 1192 521 1237 posteriores
543 1202 561 1220 a
586 1202 691 1222 nervo
720 1190 834 1233 optico
868 1189 1003 1220 initium
1033 1188 1164 1221 ducunt
1179 1214 1188 1231 ,
1221 1190 1406 1236 eodemque
1433 1191 1504 1223 fere
1528 1194 1630 1228 modo
1654 1197 1751 1230 oculo
1772 1199 1837 1231 ad,

162 1252 364 1293 junguntur.

209 1303 314 1346 Quod
345 1302 386 1333 ad
412 1302 620 1344 palpebras:
646 1299 731 1331 duae
757 1301 999 1337 inveniuntur:
1034 1300 1190 1344 superior
1216 1302 1397 1335 immobilis
1426 1312 1495 1341 est,
1520 1306 1663 1337 inferior
1694 1308 1840 1351 deprimi

167 1367 202 1392 et
228 1357 351 1389 elevari
380 1364 503 1399 potest.
547 1355 693 1386 Maxima
720 1354 802 1386 haec
826 1363 875 1387 est
908 1365 940 1386 et
970 1356 1167 1398 diaphana‚
1199 1358 1295 1398 nigro
1330 1358 1476 1400 quodam
1501 1360 1605 1392 tincta
1630 1363 1760 1402 colore,
1785 1366 1843 1398 illa

165 1413 277 1446 minor
292 1436 301 1447 ‚
326 1410 453 1442 viiidis.
499 1410 653 1441 B'Iovetur
676 1409 826 1439 musculo
849 1409 1027 1441 tendinoso
1046 1413 1079 1441 in
1105 1411 1172 1442 duo
1191 1413 1330 1443 brachia
1354 1413 1461 1444 dixiso
1495 1426 1638 1457 quorum
1659 1427 1842 1465 utrumque

166 1467 208 1500 ad
233 1467 362 1498 orbitae
394 1465 551 1505 angulum
578 1463 759 1506 procedit,
795 1464 910 1507 ibique
934 1465 1126 1505 (fibrosum
1153 1467 1316 1498 transiens
1347 1467 1532 1512 annulum)
1563 1471 1724 1503 inseritur
1745 1486 1840 1506 mus-

166 1522 242 1553 culo
268 1519 594 1551 infundibuliformi.
649 1518 778 1549 Haecce
805 1519 948 1550 inferior
975 1519 1140 1562 palpebra
1165 1522 1372 1564 expansione
1396 1523 1524 1554 munita
1552 1533 1626 1565 est,
1661 1531 1834 1562 membra-

164 1572 264 1608 nosti,
280 1571 415 1601 interna
429 1584 436 1590 ·
456 1585 540 1614 quae
559 1585 697 1603 munere
715 1574 865 1613 fungitur
881 1575 1094 1605 membranae
1116 1576 1322 1613 nimiminus,
1347 1586 1380 1607 et
1400 1590 1416 1606 a
1437 1579 1638 1619 quibusdam
1657 1585 1768 1615 tertia
1790 1595 1839 1618 est

164 1626 337 1659 nominata
351 1625 527 1666 palpebra
550 1626 633 1667 (2).
669 1626 848 1658 Praeterea
870 1628 906 1658 in
929 1628 1036 1659 fundo
1060 1629 1187 1660 orbitae
1211 1630 1384 1660 invenitur
1404 1633 1600 1664 membrana
1620 1638 1836 1680 muscularis‚

171 1692 255 1724 quae
290 1687 395 1711 totum
418 1678 562 1709 fundum
596 1680 676 1720 tegit
700 1689 732 1712 et
753 1681 833 1713 inde
858 1696 878 1715 a
907 1683 1059 1715 musculo
1084 1683 1399 1717 infundibuliformi
1430 1687 1564 1720 initium
1590 1689 1716 1723 ducens
1742 1705 1837 1726 mar-

166 1736 299 1779 ginibus
342 1733 469 1766 orbitae
516 1734 643 1778 ubique
686 1735 858 1771 adhaeret.

947 1854 978 1894 ς.
1023 1854 1056 1886 5.

799 1933 916 1965 Auris
962 1943 997 1967 et
1042 1938 1202 1970 auditus·

211 2039 330 2072 Auris
351 2038 387 2069 in
412 2037 536 2069 minori
553 2037 620 2071 huc
639 2050 742 2082 usque
769 2042 963 2076 animalium
983 2057 1124 2079 numero
1140 2049 1298 2082 inventus
1324 2057 1391 2089 est,
1419 2061 1519 2093 quam
1541 2051 1679 2094 quidem
1707 2055 1832 2089 oculus.

1756 2112 1833 2142 Au-

201 2192 212 2225 (
226 2200 236 2216 ι
251 2189 261 2221 )
287 2190 386 2215 Carus
403 2189 546 2214 observavit
559 2191 681 2223 pupillam
699 2193 772 2218 aucta
787 2193 842 2221 luce
856 2199 992 2232 contrahi,
1007 2200 1043 2225 sic
1058 2201 1126 2226 utin
1148 2202 1250 2227 felibus.
1286 2200 1353 2226 Mihi
1372 2207 1456 2227 autem
1477 2203 1675 2237 (experimentis
1696 2209 1837 2241 anquiren‘

170 2235 211 2269 ti)
230 2245 357 2269 nunquam
379 2235 471 2261 hancce
494 2238 677 2270 proprietatem
695 2249 770 2266 ranae
789 2241 944 2272 obtulerunt.
978 2246 1015 2273 Cf.
1036 2247 1138 2274 Carus
1158 2249 1251 2276 Lehrb.

165 2283 262 2316 taepius
277 2284 416 2312 observavi.

205 2329 260 2364 (2)
290 2331 408 2358 Confer-ri
424 2332 465 2358 hie
482 2340 611 2360 merentur
628 2336 762 2362 memoires
781 2337 812 2362 de
827 2337 924 2368 l’Acad.
943 2339 1038 2375 Royale
1063 2350 1093 2367 an
1113 2344 1192 2376 1736,
1212 2344 1296 2378 ibique
1314 2345 1408 2372 Petit
1428 2344 1446 2372 l.
1461 2344 1479 2374 l.

1118 2389 1186 2422 F5

1271 2251 1314 2276 der
1333 2253 1466 2277 Zootomie
1485 2262 1540 2286 pag.
1558 2256 1616 2289 278.
1651 2255 1681 2281 In
1701 2256 1836 2284 husonibus
