2080 2744
242 227 282 259 28
646 222 690 256 H.
776 222 816 257 L.
903 230 1024 257 vau
1111 226 1540 271 ALTENA,

243 330 302 356 sa,
326 316 481 349 nondum
509 327 606 354 verae
636 323 885 357 osteogeneseos
904 314 1004 348 initia
1027 315 1285 358 monstrabant,
1316 318 1419 353 immo
1446 330 1520 353 ossa
1549 319 1695 361 nasalia‚
1721 319 1840 363 (parvi
1869 321 1926 355 hic

244 386 325 406 sane
354 374 540 414 momenti,
565 384 629 405 nec
653 372 694 405 at]
718 384 886 404 summum
913 373 1000 405 vitae
1028 373 1180 406 animalis
1208 373 1313 406 multa
1339 376 1546 420 facientia),
1577 378 1631 410 vel
1653 388 1716 420 per
1738 377 1819 408 anni
1846 386 1931 421 spa*-¹

245 432 332 463 tium
357 429 571 471 cartilaginea
593 429 789 461 manebant.
842 428 983 462 Maxilla
1010 430 1153 463 inferior
1185 430 1222 463 in
1250 430 1384 465 duobus
1421 441 1552 466 tantum
1579 432 1764 469 individuis
1801 442 1936 469 servata

246 496 337 526 erat,
358 487 418 518 ubi
439 485 526 517 nihil
545 486 611 518 nisi
627 485 769 531 pulpam
787 485 950 519 offerebat
967 486 1248 529 cartilaginosam.

288 542 413 575 Rachis
433 551 563 582 autem,
590 542 683 586 quod
707 555 724 573 a
743 543 853 587 priori
883 544 953 584 jam
976 543 1258 585 intelligendum,
1281 544 1361 578 licet
1387 558 1457 579 non
1485 545 1585 578 simul
1604 558 1682 579 eum
1705 548 1821 580 cranio
1845 551 1931 582 suh-

247 600 407 632 stantiam
446 598 630 631 calcaream
657 609 825 630 assumere
858 598 1068 640 incipiebat,
1103 607 1215 632 tamen
1254 601 1363 634 multo
1396 603 1491 647 prius
1519 615 1622 648 quam
1647 603 1748 635 facies
1775 604 1933 637 ossifica-

247 657 375 688 tionem
395 655 554 695 subibat,
576 656 623 687 ita
642 663 680 686 ut
700 655 777 686 satis
802 655 871 696 jam
895 666 986 686 ossea
1013 655 1085 696 ejus
1110 663 1196 687 esset
1225 656 1437 699 substantia,
1461 671 1568 702 quum
1595 659 1695 692 facies
1718 659 1832 693 adhuc
1865 669 1936 693 tota

248 719 375 755 quanta
401 720 473 744 erat
500 710 726 754 cartilaginea.
773 711 913 743 Ossibus
941 711 1044 753 igitur
1070 712 1177 743 cranii
1206 720 1240 744 et
1262 713 1412 745 rachidis
1442 714 1521 745 satis
1549 715 1619 755 jam
1642 714 1781 747 evolutis
1806 716 1933 750 citissi-

247 782 302 801 me
326 768 472 802 evolutio
500 776 533 800 et
560 767 741 800 ossificatio
767 767 891 811 incipit
919 767 1048 810 pedum
1076 769 1305 811 posteriorum
1333 777 1367 801 et
1401 769 1541 813 quidem
1568 769 1615 801 ita
1645 772 1743 802 utin
1772 769 1844 803 dles
1873 784 1934 805 ea·

247 838 324 858 rum
351 826 602 857 incrementum
628 825 800 857 observari
830 824 949 867 possit.
992 824 1107 856 Primo
1137 824 1304 856 formatur
1335 837 1369 857 os
1395 825 1555 863 femoris,
1592 825 1720 859 deinde
1745 837 1780 859 os
1811 827 1935 862 fibulae

248 892 284 915 et
311 882 432 918 tibiae,
466 882 535 922 jam
562 882 700 924 jamque
728 880 771 912 ad
802 878 995 912 calcaneum
1025 888 1059 911 et
1087 880 1288 923 astragalum
1313 882 1521 923 transgressa
1544 881 1787 920 ossificatione,
1811 901 1853 909 --
1874 885 1934 917 in-

249 939 335 985 cipit
367 936 524 971 formatio
550 937 801 970 extremitatum
829 936 1060 974 anteriorum,
1087 949 1252 980 quarum,
1283 937 1409 970 mirum
1436 945 1514 976 est,
1546 927 1648 980 quam
1669 937 1762 971 lenta
1785 940 1829 973 sit
1850 952 1938 979 evo:

244 996 341 1028 lutio.

290 1055 408 1086 Liceat
426 1054 484 1085 hic
504 1054 572 1096 jam
601 1053 752 1085 inserere
773 1052 1020 1096 sagacissimam
1042 1051 1356 1092 ratiocinationem,
1379 1052 1448 1095 qua
1473 1061 1514 1082 ex
1538 1053 1819 1098 praeceptoribus
1845 1057 1936 1088 ami-

248 1111 400 1143 cissimus
421 1109 532 1148 mihi,
555 1109 801 1150 elegantissima
829 1111 888 1141 sua
918 1118 952 1141 et
972 1108 1225 1153 simplicissima
1245 1106 1406 1141 methodo
1420 1131 1431 1148 ‚
1457 1115 1566 1144 totum.
1589 1109 1823 1145 ossificationis
1845 1122 1934 1155 pro..

246 1178 419 1209 gressum,
442 1165 478 1196 in
499 1165 706 1197 lectionibus
731 1165 879 1209 publicis
894 1191 906 1203 ‚
928 1165 1098 1210 explicare
1118 1165 1204 1198 solet
1226 1165 1312 1208 (ι).

291 1239 308 1258 (ι
328 1222 415 1255 Tela
437 1221 561 1253 ossium
576 1221 753 1254 formativa
777 1222 851 1264 (ita
872 1222 944 1253 sere
965 1221 1060 1265 loqui
1080 1219 1194 1263 solet)
1216 1221 1369 1252 nutritur
1390 1220 1556 1261 vasculis,
1580 1220 1616 1253 in
1635 1222 1790 1264 ipsorum
1813 1223 1936 1258 ossium

245 1295 262 1314 «
282 1279 505 1312 substantiam
527 1277 810 1321 penetrantibus,
833 1277 874 1308 fit
896 1288 973 1310 vera
1005 1274 1189 1316 cartilag03
1216 1274 1367 1320 denique
1395 1287 1515 1309 verum
1541 1288 1588 1309 os.

287 1354 304 1373 «
325 1337 392 1371 Sed
417 1337 453 1367 in
479 1335 598 1367 eadem
625 1334 758 1366 ratione
786 1336 852 1378 qua
876 1345 911 1366 os
943 1333 1074 1370 oritur,
1110 1329 1243 1364 vascula
1276 1331 1505 1363 obliterantur
1531 1332 1573 1364 ad
1602 1333 1821 1369 substantiam
1853 1338 1933 1370 ossis

245 1393 513 1439 «pertinentia,
536 1391 628 1423 unde
653 1391 823 1433 sanguinis
848 1390 993 1423 afssuxus
1019 1390 1061 1422 ad
1086 1391 1184 1422 hasce
1207 1398 1321 1436 partes
1348 1391 1530 1425 minuitur.

289 1467 306 1486 «
324 1449 421 1493 Quid
443 1449 559 1491 itaque
582 1447 621 1479 fit
643 1447 681 1479 in
701 1458 803 1479 ranae
825 1449 946 1490 gyrino
971 1459 1049 1479 mox
1082 1447 1192 1478 nato?

290 1523 307 1542 ‹<
327 1505 546 1547 Cartilagines
569 1503 694 1536 adsunt
718 1503 923 1537 vertebrales
958 1504 1059 1545 (tum
1090 1503 1209 1548 capitis
1242 1509 1313 1534 tum
1347 1503 1497 1548 spinae)
1530 1506 1774 1549 perfectiores:
1810 1508 1933 1543 adsunt

248 1582 263 1600 (ι
287 1563 497 1604 cartilagines
527 1561 649 1593 ossium
676 1560 775 1593 faciei
801 1561 912 1592 minus
941 1560 1136 1604 perfectae,
1163 1557 1418 1602 cartilaginibus
1442 1559 1673 1594 membrorum
1703 1563 1931 1605 posteriorum

253 1639 269 1657 «
288 1622 341 1655 vix
362 1619 470 1657 ullus,
496 1617 706 1649 anteriorum
729 1615 842 1648 nullus
860 1616 928 1648 huc
953 1628 1061 1660 usque
1090 1615 1290 1649 conceditur
1311 1615 1417 1649 locus.

292 1693 309 1712 «
330 1675 471 1717 Sanguis
488 1674 603 1717 itaque
626 1673 668 1705 ad
692 1682 804 1716 partes
825 1672 1031 1705 vertebrales
1047 1673 1206 1705 advectus
1220 1698 1229 1709 ‚
1249 1672 1463 1716 impenditur
1481 1671 1524 1704 ad
1543 1672 1820 1706 ossifieationem:
1846 1688 1931 1719 per-

251 1752 265 1770 «
289 1734 452 1766 ficiuntur
479 1742 616 1774 quoque
642 1730 851 1772 cartilagines
869 1729 1015 1762 feciales.
1060 1730 1201 1771 Sanguis
1228 1730 1416 1772 posteriora
1433 1740 1547 1761 versus
1572 1729 1704 1769 fluens,
1728 1730 1930 1773 rachidem,

254 1807 269 1825 α
292 1792 386 1832 eujus
412 1786 623 1828 cartilagines
647 1786 793 1818 eundem
817 1797 893 1818 cum
914 1786 954 1817 iis
983 1786 1089 1818 cranii
1119 1785 1337 1830 perfectionis
1362 1785 1505 1827 gradum
1524 1784 1653 1817 habere
1679 1785 1862 1828 videntur,
1895 1789 1930 1820 in

258 1864 273 1882 (ς
294 1859 328 1879 os
350 1854 480 1878 mutare
500 1844 636 1886 incipit.
682 1844 749 1876 Sed
767 1843 846 1887 quia
865 1842 998 1884 longior
1013 1850 1063 1875 est
1083 1843 1155 1883 ejus
1175 1849 1321 1880 tractuS,
1346 1852 1421 1873 cum
1442 1841 1551 1873 cauda
1570 1853 1707 1885 quoque
1727 1844 1936 1876 nutrimento

254 1922 270 1941 ι(
289 1903 464 1945 indigeat,
488 1900 668 1944 minorque
700 1899 840 1932 relativa
867 1898 1038 1941 sanguinis
1061 1898 1249 1943 quantitas,
1281 1896 1460 1930 ossificatio
1489 1897 1544 1931 vel
1572 1897 1653 1930 iude
1675 1898 1812 1931 lentior·
1866 1901 1934 1933 Sed

255 1978 272 1996 ‹<
292 1959 399 1993 cranii
421 1958 549 1991 ossibus
568 1958 636 1999 jam
656 1957 726 1998 jam
747 1955 943 1996 ossificatis‚
967 1955 1137 1997 sanguinis
1162 1954 1328 1987 minuitur
1356 1952 1399 1985 ad
1421 1964 1475 1985 eas
1505 1961 1616 1996 partes
1639 1953 1796 1988 affluxus.
1840 1956 1932 1989 San-

258 2034 274 2053 «
294 2019 364 2061 guis
388 2027 469 2049 vero
493 2025 588 2046 nunc
606 2013 726 2055 majori
756 2012 946 2056 quantitate
970 2011 1091 2044 adss-uit
1110 2011 1146 2042 in
1173 2010 1327 2050 rachim,
1352 2020 1492 2053 eamque
1521 2010 1559 2040 in
1581 2021 1616 2041 os
1638 2018 1745 2041 mutat
1770 2020 1802 2043 et
1831 2024 1936 2055 quum

259 2075 347 2110 «vel
377 2074 425 2104 sic
447 2071 554 2104 onmis
582 2069 714 2111 sanguis
744 2068 891 2112 inpendi
919 2077 1089 2111 nequeat,
1121 2068 1295 2111 incipiunt
1322 2065 1421 2107 magis
1443 2065 1613 2108 magisque
1644 2066 1752 2098 evolvi
1782 2069 1933 2101 membra

263 2148 277 2166 ι
298 2129 497 2176 posteriora.
542 2125 755 2158 Evolvuntur
785 2136 902 2157 eorum
922 2135 1013 2164 ossa,
1033 2132 1106 2156 tum
1125 2135 1204 2155 vero
1230 2122 1386 2157 musculi.
1434 2122 1518 2153 Ossa
1539 2120 1637 2153 faciei
1661 2125 1824 2157 continuo
1845 2137 1933 2168 quo-

260 2203 275 2221 «
297 2199 361 2232 que
388 2183 586 2218 solidescere
617 2182 800 2225 incipiunt.
841 2180 942 2226 Quid
967 2182 1033 2221 jam
1049 2182 1066 2212 ’ἓ
1099 2179 1204 2223 pedes
1234 2178 1437 2223 posteriores
1462 2177 1626 2209 natationi
1651 2178 1813 2211 inservire
1839 2179 1938 2212 inci--

261 2259 276 2279 ι(
297 2244 418 2289 pium,
444 2239 552 2274 cauda
578 2238 797 2281 languescere
826 2238 969 2281 incipit,
1003 2248 1067 2269 nec
1098 2236 1241 2281 amplius
1270 2244 1426 2279 augetur,
1449 2233 1577 2276 pedum
1604 2235 1829 2277 posteriorum
1847 2247 1931 2269 evo-

1839 2308 1855 2327 «
1874 2292 1934 2325 lu·

295 2391 349 2427 (i)
369 2389 406 2417 cl:
424 2387 505 2415 Nico
515 2389 589 2416 laus
608 2388 757 2423 Mulder,
776 2387 897 2415 Chemiae
913 2393 938 2414 et
951 2386 1076 2414 Botaniae
1090 2386 1220 2422 professor
1235 2384 1262 2412 in
1277 2384 1410 2412 Athenaeo
1427 2382 1494 2417 quod
1509 2386 1548 2410 est
1565 2381 1759 2415 Fcanequerae,
