2080 2744
457 190 808 250 commENTArm
835 214 885 240 An
909 202 1258 248 QUAESTIONEM
1283 202 1610 237 zootoemAM.
1844 202 1893 245 57—

967 327 1011 373 ¹5.
1055 325 1088 358 4.

233 459 377 499 organa
403 463 489 498 quae
519 449 618 483 nobis
648 454 834 492 supersunt
863 443 1115 483 describenda,
1148 443 1260 475 omnia
1287 441 1488 475 excretionis
1512 453 1638 483 organa
1662 442 1772 476 vocari
1795 453 1887 487 pos-s

191 522 283 547 sunt.

237 571 373 613 Hepar,
397 566 548 599 omnium
568 561 807 604 glandularum
826 558 924 590 facile
950 559 987 590 in
1022 569 1165 602 corpore
1197 557 1341 588 maxima
1373 564 1433 588 est.
1480 556 1744 601 Comparatione
1775 557 1877 588 insti-

194 627 267 660 tuta
299 636 375 656 cum
402 619 746 653 haemathermatibus
782 617 890 658 hepar
926 614 1032 647 multo
1061 615 1167 655 majus
1200 623 1250 645 est
1285 614 1322 645 in
1352 612 1551 644 Bau-achiis.
1596 614 1636 644 [u
1668 612 1735 644 duo
1767 613 1880 656 hypo-

193 677 578 714 chondriaextenditur
608 675 654 705 ita
678 681 715 704 ut
743 683 842 714 saepe
868 670 980 701 omnia
1006 670 1168 701 intestina
1194 670 1304 701 antice
1332 677 1420 710 tegat
1443 683 1452 709 3
1479 680 1625 712 superne
1654 670 1838 700 sustinetur
1863 683 1879 699 a

172 738 401 784 1peritonaeo.
448 731 550 765 Color
582 730 688 763 variat
715 728 926 772 plurimum:
948 737 988 757 ex
1017 725 1103 758 flavo
1125 726 1301 765 rubescit,
1330 737 1428 768 saepe
1450 725 1554 757 ssavus
1577 734 1625 756 est
1641 749 1651 765 ,
1678 738 1775 768 saepe
1801 725 1877 756 sus-

197 805 236 826 co
265 791 392 824 ruber:
418 801 460 821 an
494 789 531 820 in
555 787 706 821 maribus
727 793 761 817 et
792 783 924 815 feminis
950 781 1106 820 differat,
1133 783 1313 815 ohservare
1340 793 1410 814 non
1437 781 1535 813 valui.
1580 783 1718 814 Duobus
1752 791 1884 814 constat

194 850 304 885 iobis,
331 857 477 891 quorum
511 845 632 876 dexter
656 853 789 885 semper
822 840 894 872 sere
922 842 1024 873 unico
1042 865 1051 882 ‚
1077 842 1212 873 sinister
1245 853 1325 874 vero
1359 840 1490 871 duobus
1516 841 1704 872 minoribus
1736 852 1878 884 compo-

170 906 276 939 *situs
296 910 367 938 est,
394 912 540 944 quorum
563 910 651 930 unus
674 897 838 939 simplex,
863 895 948 927 alter
974 905 1083 929 autem
1105 899 1226 929 scissus
1257 906 1290 929 et
1311 892 1412 938 magis
1439 896 1589 928 minusve
1616 897 1743 928 dixisns
1768 909 1879 941 appu-

197 970 262 993 ret.
297 961 386 993 Vasa
404 956 563 1001 hepatica
587 963 621 986 et
645 954 769 997 cystica
795 965 813 983 a
844 964 879 983 sc
896 952 1044 985 invicem
1069 953 1174 986 divisa
1194 962 1300 994 sunt,
1325 954 1372 984 ita
1399 961 1439 984 ut.
1466 954 1646 997 separatim
1671 955 1705 984 in
1740 954 1877 985 intesti-

193 1030 279 1051 num
289 1023 483 1050 excurrant.

237 1073 380 1105 Fundus
401 1070 565 1105 vesiculae
583 1069 671 1102 fellis
694 1069 839 1099 anticam
862 1077 993 1110 spectat
1013 1076 1157 1111 partem.
1202 1067 1370 1100 Volumen
1395 1064 1448 1105 (si
1474 1068 1636 1098 rationem
1655 1065 1778 1097 habeas
1799 1065 1883 1097 hae-

193 1129 478 1170 mathermatum)
500 1128 613 1159 minus
634 1134 694 1157 est.
739 1126 850 1156 Intrat
868 1125 904 1156 in
920 1126 1064 1157 vesicam
1085 1123 1162 1155 hilis
1186 1135 1250 1165 per
1274 1134 1384 1154 ramos
1408 1121 1528 1154 ductus
1552 1122 1722 1165 hepafici,
1741 1123 1799 1167 qui
1823 1135 1880 1154 ve-

191 1188 279 1220 sicae
303 1186 388 1219 collo
410 1196 479 1216 sese
502 1184 670 1215 inserunt.

235 1244 402 1274 Pancreas
422 1240 531 1280 figura
551 1246 602 1268 est
626 1237 810 1267 admodum
827 1237 1024 1275 irregulari;
1049 1249 1066 1266 e
1087 1236 1186 1266 variis
1208 1235 1374 1274 glandulis
1397 1235 1621 1278 compositum
1641 1236 1775 1268 videtffl.
1794 1246 1826 1268 et
1846 1238 1881 1268 in

196 1309 278 1331 arcu
297 1321 306 1337 ,
334 1296 394 1339 qui
424 1293 533 1326 antiee
565 1291 731 1322 formatur
764 1303 781 1320 a
807 1289 998 1322 ventriculo
1021 1298 1055 1321 et
1081 1289 1250 1321 intestinis
1286 1290 1535 1322 inveniendum
1559 1300 1619 1321 est.
1673 1292 1770 1323 Inter
1797 1293 1879 1324 duos

194 1355 291 1388 lobos
321 1350 454 1388 hepatis
480 1361 497 1380 a
532 1348 660 1392 pariete
693 1340 880 1389 pericardii
919 1347 1057 1378 externa
1090 1345 1238 1388 incipit,
1281 1346 1462 1390 tenditque
1495 1347 1644 1378 anterius
1675 1347 1712 1379 in
1740 1349 1880 1380 intesti-

196 1423 253 1443 na.
299 1409 385 1440 Cum
419 1403 581 1436 intestino
610 1413 733 1444 corpus
766 1402 958 1444 pancreatis
984 1402 1025 1433 ad
1062 1414 1163 1433 unam
1195 1403 1442 1434 extremitatem
1477 1412 1544 1434 tam
1574 1412 1667 1435 arcte
1702 1405 1880 1442 cohaeret,

198 1475 239 1499 ut
270 1476 340 1497 non
366 1461 517 1504 separari
551 1466 692 1502 quaeat,
726 1458 791 1488 nisi
818 1458 972 1489 intestini
1005 1459 1190 1502 parietibus
1220 1459 1396 1491 diffractis.
1449 1460 1612 1491 Pancreas
1637 1460 1707 1491 abit
1731 1462 1766 1492 in
1792 1461 1882 1493 duc-

198 1531 271 1554 tum
296 1518 572 1563 pancreaticum,
607 1516 668 1558 qui
697 1514 878 1547 filamentis
900 1514 1028 1558 ubique
1056 1527 1133 1548 cum
1160 1515 1328 1547 intestinis
1356 1516 1558 1554 cohaerens,
1592 1517 1730 1550 taudem
1747 1518 1797 1550 illi
1822 1520 1881 1551 in-

193 1578 330 1611 seritur.

239 1634 325 1666 Lien
345 1632 381 1663 in
404 1631 487 1663 rana
514 1630 656 1671 figuram
680 1628 779 1661 offert
799 1629 1007 1674 sphaericam
1025 1636 1059 1660 et
1075 1629 1203 1674 positus
1224 1637 1274 1661 est
1287 1630 1378 1661 inter
1399 1640 1496 1674 gyros
1525 1631 1766 1665 intestinorum
1784 1645 1879 1667 cras-

196 1702 333 1727 sorum,
359 1688 417 1719 ubi
439 1688 546 1718 rubro
569 1698 628 1718 suo
650 1686 776 1717 eminet
799 1684 923 1717 colore.
966 1683 968 1685 ¹

239 1748 350 1780 Renes
366 1751 446 1776 sunt
470 1741 577 1775 ovales
591 1765 600 1779 ‚
625 1742 784 1782 oblongi,
809 1741 1035 1786 planiuscul-i,
1060 1754 1128 1773 non
1145 1741 1260 1773 lobati.
1287 1743 1363 1774 Non
1382 1742 1478 1785 longe
1500 1757 1516 1775 a
1534 1757 1568 1777 se
1583 1746 1728 1779 invicem
1743 1747 1879 1782 distant.

198 1801 410 1846 Corpuscula
438 1798 525 1830 flava
553 1797 693 1842 adiposa
722 1799 784 1829 sub
817 1810 933 1829 eorum
963 1806 1037 1828 cute
1073 1807 1261 1840 apparent,
1298 1811 1384 1841 quae
1411 1812 1429 1830 a
1457 1801 1879 1837 Swammerdammio

196 1861 267 1902 jam
285 1859 460 1890 observata
478 1863 556 1886 sunt
578 1856 635 1896 (1)
662 1863 694 1887 et
714 1854 860 1886 maculas
881 1854 1141 1895 elegantissimas
1164 1855 1199 1886 in
1219 1866 1340 1887 renum
1358 1856 1540 1900 superficie
1560 1860 1730 1891 anteriore
1750 1860 1881 1904 depin-

199 1923 302 1958 gunt,
329 1923 542 1956 quorumque
569 1923 645 1942 usus
675 1911 744 1942 huc
766 1923 873 1954 usque
896 1911 1030 1952 ignotus
1054 1920 1114 1942 est.

241 1969 364 2004 Vesica
381 1967 531 1998 urinaria
547 1966 596 1998 vel
613 1967 725 2011 potius
738 1978 887 2007 organon
905 1967 997 2010 quod
1017 1967 1156 2010 plurimi
1178 1967 1283 2000 hocce
1301 1969 1437 2000 nomine
1454 1969 1719 2011 insigniverunt,
1736 1972 1880 2006 fundum

197 2026 322 2065 habet,
338 2026 373 2056 in
394 2023 462 2055 duo
478 2035 604 2054 cornua
619 2022 777 2055 divisum.
801 2024 987 2055 Maximum
1004 2031 1054 2054 est
1075 2034 1224 2063 organon
1237 2047 1246 2063 ‚
1270 2024 1361 2067 quod
1378 2025 1404 2055 si
1422 2025 1563 2067 inflatur
1577 2050 1587 2066 ‚
1609 2027 1789 2068 gracilibus
1814 2031 1879 2061 suis

198 2081 406 2126 parietibus,
431 2080 490 2122 qui
507 2079 591 2111 vasis
611 2080 800 2120 sanguineis
821 2079 1052 2123 pulcherrime
1081 2078 1237 2111 distincti
1258 2088 1358 2120 sunt,
1384 2081 1516 2113 tertiam
1535 2082 1604 2114 fere
1618 2093 1749 2126 partem
1770 2087 1880 2118 [runci

199 2139 300 2173 totius
326 2135 504 2171 voluminis
527 2135 636 2168 offert.
682 2137 900 2170 Townson
925 2137 988 2179 (2)
1014 2135 1146 2167 hancce
1174 2135 1355 2169 vesiculam
1383 2139 1639 2181 receptaculum
1669 2141 1816 2173 credidit
1837 2156 1878 2174 a·-

1799 2213 1883 2245 quae

236 2283 290 2318 (ι)
317 2284 461 2308 Swamm.
481 2282 549 2308 Bibl.
567 2288 618 2308 nat.
647 2281 734 2308 tabula
751 2283 793 2316 47.
820 2283 859 2316 fig.
880 2293 903 2309 1.
928 2282 990 2310 Litt.
1010 2292 1034 2310 n.

238 2330 292 2365 (a)
316 2329 505 2363 Physiologieal
523 2330 697 2357 observations
716 2339 748 2356 011
766 2330 810 2357 the
829 2330 961 2365 amphibia
972 2337 1018 2359 etc.
1044 2330 1124 2358 Lond.
1145 2340 1218 2365 1799.

1096 2379 1127 2411 H
