2080 2744
256 202 295 234 14
665 195 708 227 H.
797 195 836 236 L,-
922 201 1044 228 vAN
1133 193 1164 225 A
1209 192 1315 225 L<T
1360 194 1465 230 EffN
1507 196 1540 229 A

255 299 342 322 eoso.
388 289 532 321 Dorsum
557 285 773 327 angulatum,
799 293 989 319 transverse
1006 284 1158 327 gibbum.
1206 282 1390 318 Abdomen
1410 294 1444 319 et
1470 287 1598 321 femora
1619 289 1741 323 subtus
1761 295 1950 334 granulosa.

249 347 364 389 Caput
395 342 654 376 acutiusculum.

296 400 512 444 Svnonymia.
559 400 670 431 Rana
693 396 859 430 manibus
885 393 1284 440 teiraclactylcsfissis‚
1306 398 1447 441 plantis
1472 401 1720 446 hexaclactylis
1745 408 1942 449 palmatias,

555 456 687 498 pollice
709 456 881 497 longiore.
919 454 1184 487 Gronovius.
1207 456 1304 488 Mus.
1329 456 1424 489 Ιοῖιί.
1442 457 1498 490 II.
1520 459 1594 490 No.
1611 461 1666 491 60:

560 513 672 543 Rana
696 511 831 543 viridis
854 512 1039 554 aquatica.
1062 510 1207 545 Rosel.
1231 512 1338 544 IIz'st.
1361 513 1412 545 R.
1431 513 1482 545 N'.
1503 525 1540 556 Ρ.
1551 518 1609 557 57,

560 569 670 599 Rana
695 569 889 599 esculenta.
926 567 1053 598 Linn
1093 568 1189 610 Syst.
1211 570 1263 601 N.
1288 570 1321 603 I.
1348 581 1390 612 Ρ.
1411 571 1490 612 35].
1542 572 1667 605 Laur.
1701 580 1794 615 rept·
1820 587 1863 617 Ρ.
1888 589 1945 617 31.

600 622 813 657 Schneid.
835 623 942 655 Hist.
967 622 1104 665 Amph.
1125 618 1156 655 Ῐ.
1173 627 1446 666 p.115.Lat1-.
1473 628 1608 662 Salam.
1635 642 1678 673 Ρ.
1701 630 1940 665 XXXVIII.

249 719 253 724 1
485 696 488 699 ·
601 681 735 713 Daud.
761 682 859 712 Ran-
879 692 918 722 Ρ.
932 680 988 711 46.

286 739 382 772 Icon.
561 736 742 769 Ro'sell.
767 738 789 769 l.
816 737 886 768 tal).
903 736 1163 771 XII—XIV.
1209 696 1642 782 LacepedeLp.37.

557 778 1623 839 1)ειιι(]1[ὶιι]ἰαη.ιιειῦΛῶβὲηΔ

286 850 654 894 Habilczlio.Ubique
645 861 681 881 m
692 851 744 882 riv
738 849 810 880 ulis
824 862 843 881 x
848 849 1098 891 ivariorumque
1110 849 1195 891 :tipis
1208 857 1276 880 tam
1288 850 1325 880 in
1336 850 1475 893 Europ&
1488 862 1588 892 quam
1599 853 1635 883 in
1646 853 1937 893 Asia‚inve11it111·.

249 944 251 948 ,
284 907 394 938 Esca.
442 905 635 947 Menas-za,
668 906 812 950 insecta,
851 904 962 936 omnia
994 902 1136 936 devorat
1167 916 1251 936 rana
1284 905 1458 938 esculenta
1489 905 1675 940 dummodo
1700 910 1780 942 viva.
1804 911 1872 943 sint
1906 921 1940 944 et

239 973 309 994 sese
334 970 506 995 moveant.

285 1019 479 1051 Generatio
509 1019 627 1052 eadem
651 1026 720 1059 est,
747 1030 833 1063 quae
860 1028 961 1049 ranae
996 1017 1233 1062 temporariae.
1279 1017 1394 1049 Mares
1421 1018 1484 1049 suh
1509 1018 1644 1051 maxilla
1669 1020 1831 1054 inferiore
1857 1034 1936 1054 sac-

240 1074 332 1106 culos
355 1075 484 1107 habent
510 1077 806 1116 membranaceos,
831 1073 924 1106 unde
943 1085 1061 1105 eorum
1083 1075 1243 1106 coaxatio.
1297 1073 1413 1105 Pollex
1433 1085 1525 1112 non,
1551 1082 1589 1106 ut
1606 1086 1812 1118 narrarunt,
1838 1091 1933 1119 amo-

238 1144 314 1162 rum
347 1131 582 1163 tantummodo
616 1140 770 1175 tempore
806 1130 929 1162 calloso
959 1130 1157 1164 extenditur
1195 1130 1365 1163 volumine
1393 1131 1480 1174 (1),
1514 1130 1675 1174 pulvillus
1706 1132 1764 1165 ille
1799 1146 1934 1178 semper

237 1187 356 1231 pollici
380 1187 542 1219 adhaeret
571 1189 719 1230 satisque
749 1199 888 1227 magnus
913 1195 977 1217 est.
1022 1188 1120 1219 Prius
1143 1200 1245 1231 quam
1273 1200 1357 1219 rana
1392 1189 1597 1229 temporaria
1628 1197 1734 1232 ponat
1757 1201 1836 1229 ova,
1862 1202 1931 1233 po·-

237 1255 319 1275 uere
351 1255 468 1274 ranam
492 1242 700 1284 esculentam
723 1241 823 1273 docet
846 1239 876 1272 J.
906 1241 1103 1284 Cloquet
1128 1243 1214 1282 (2);
1252 1251 1370 1272 ranam
1400 1242 1640 1283 temporariam
1671 1254 1752 1275 vero
1780 1247 1931 1279 omnium

238 1300 384 1343 primam
409 1299 664 1331 batrachiorum
696 1299 802 1330 amori
826 1309 965 1341 operam
992 1295 1073 1328 dare
1088 1320 1098 1336 ,
1129 1295 1232 1338 glacie
1259 1295 1314 1329 vix
1337 1296 1468 1333 soluta,
1492 1295 1609 1328 docuit
1638 1298 1851 1332 Valmont
1883 1302 1930 1335 de

238 1357 408 1387 Bomare
433 1356 518 1397 (5).
566 1355 663 1398 Quid
683 1367 801 1387 verum
827 1355 892 1394 sit,
921 1365 992 1385 non
1015 1351 1170 1394 judicare
1199 1353 1317 1385 ausim.
1373 1353 1483 1384 Ranas
1513 1364 1574 1393 ego
1599 1353 1787 1387 esculentas
1815 1357 1926 1390 chm'o

237 1423 371 1448 mense,
392 1412 493 1443 immo
505 1412 607 1454 sulio
628 1420 787 1443 coeuntes
813 1409 903 1446 vidi,
925 1421 1088 1442 ranarum
1106 1409 1390 1452 temporariarum
1406 1419 1536 1441 amores
1554 1421 1626 1441 non
1648 1409 1834 1445 observavi.

277 1522 474 1566 Aliquando
484 1521 632 1553 humidis
646 1522 831 1567 praecipue
844 1520 980 1557 diebus,
994 1532 1091 1552 ranas
1110 1532 1217 1564 quum
1229 1521 1432 1553 dissecarem
1440 1521 1629 1554 esculentas
1640 1547 1650 1559 ‚
1667 1523 1822 1567 undique
1833 1525 1920 1558 odor

236 1578 500 1610 nauseabundus
515 1603 524 1614 ,
551 1590 627 1609 cum
652 1577 721 1609 allii
741 1578 845 1609 odore
875 1588 945 1608 non
973 1577 1061 1607 mule
1085 1575 1334 1619 comparandus
1358 1578 1582 1621 proveniebat
1597 1603 1606 1618 ‚
1628 1580 1780 1620 quamvis
1799 1581 1923 1613 animal

234 1634 387 1666 nondum
405 1643 574 1666 mortuum
593 1642 678 1666 esset
692 1646 702 1673 3
718 1632 807 1664 oculi
827 1632 886 1663 illo
903 1639 1025 1674 putore
1046 1632 1093 1661 ita
1110 1631 1345 1661 afficiebantur
1362 1639 1399 1660 ut
1416 1631 1457 1661 ab
1477 1640 1580 1672 opere
1599 1643 1728 1665 cessare
1748 1634 1924 1670 deberem.

275 1693 315 1723 In
338 1691 520 1724 Germania
532 1715 540 1727 ‚
567 1689 678 1722 Gallia
697 1690 801 1721 immo
815 1698 1090 1731 nonnunquama
1102 1686 1311 1718 nostratibus
1331 1685 1456 1718 haecce
1481 1699 1566 1719 rana
1585 1687 1792 1728 comeditur,
1828 1692 1922 1735 unde

232 1749 305 1789 ejus
329 1758 465 1779 nomen.

276 1804 464 1837 Varietates
487 1814 587 1835 ranae
607 1802 799 1835 esculentae
825 1811 895 1834 non
919 1803 967 1833 ita
990 1800 1192 1833 constitutae
1211 1808 1313 1841 sunt,
1336 1808 1374 1832 ut
1393 1801 1432 1832 iis
1454 1801 1560 1833 fidem
1579 1801 1706 1834 habere
1727 1804 1915 1848 possimus;

230 1869 406 1907 praeterea
432 1860 552 1892 coloris
571 1860 765 1891 varietatem
778 1859 962 1904 praecipue
976 1857 1074 1890 basin
1088 1856 1236 1898 habent,
1260 1868 1345 1900 quae
1365 1858 1453 1890 basis
1471 1867 1541 1890 non
1566 1859 1652 1891 tanti
1672 1860 1835 1893 momenti
1858 1861 1915 1894 vi-

232 1918 334 1950 detur
357 1929 446 1957 esse,
469 1925 507 1948 ut
528 1916 596 1948 sola
613 1916 765 1948 sufficiat.
1187 1944 1190 1947 ,

269 1974 323 2006 Ex
347 1972 417 2004 aliis
439 1973 694 2004 batrachiorum
725 1972 902 2014 speciebus
931 1959 968 2003 ix'n
996 1971 1179 2004 Germania
1195 1994 1205 2011 ‚
1230 1970 1360 2008 Gallia,
1400 1972 1542 2015 aliisque
1571 1971 1691 2004 vicinis
1718 1972 1912 2014 regionibus

230 2030 355 2071 obviis,
375 2037 430 2061 aut
449 2028 542 2060 nulla
559 2028 737 2060 individua
755 2028 791 2059 in
809 2029 922 2070 Belgio
939 2037 1054 2060 nostro
1075 2027 1220 2068 adsunt,
1241 2036 1297 2059 aut
1318 2026 1435 2060 saltem
1456 2039 1526 2059 non
1544 2027 1612 2059 huc
1632 2039 1738 2073 usque
1758 2028 1908 2061 inventa.

228 2088 298 2130 Ego
313 2085 451 2131 quidem
474 2085 567 2117 nulla
588 2086 742 2118 invenire
765 2086 860 2129 potui
879 2086 951 2131 ipse
974 2084 1147 2119 batrachia
1160 2108 1170 2126 ,
1186 2085 1251 2117 nisi
1265 2084 1432 2117 Bufonem
1449 2083 1623 2116 cinereum
1637 2107 1647 2126 ‚
1670 2085 1802 2116 Ranam
1818 2093 1905 2117 tem-

1837 2152 1906 2183 PO-

263 2235 316 2271 (1)
341 2235 445 2268 eloqu
455 2243 468 2259 e
479 2239 490 2260 t
505 2233 532 2259 in
546 2233 724 2261 Dicttojnafre
743 2234 787 2261 des
804 2234 902 2263 Selene.
920 2234 1065 2261 Naturcllcs
1082 2235 1110 2261 in
1124 2244 1184 2261 voce
1203 2232 1421 2262 Grenouillc.

258 2282 314 2318 (2)
338 2281 395 2307 Clo
405 2290 464 2315 que
474 2287 484 2306 t
499 2282 524 2306 in
541 2281 628 2307 codem
643 2282 744 2310 Lexico.

259 2329 313 2364 (5)
339 2328 498 2355 Valmont
519 2329 555 2354 dc
578 2330 720 2357 Bomare
744 2331 906 2358 Dictionaire
919 2331 1040 2358 raisonne'
1061 2330 1190 2358 universel
1211 2330 1348 2357 d'histoire
1370 2326 1497 2356 naturane
1523 2325 1563 2355 ed.
1581 2327 1655 2362 1768.
1685 2326 1713 2354 in
1734 2334 1795 2362 yoce
1818 2325 1903 2357 Gre-

223 2376 368 2403 nouillc.
