2080 2744
273 198 316 230 ,ει
691 193 795 227 -Η,
882 192 924 229 L.
1013 194 1518 247 vAN3ALTENA

809 516 980 541 MUSCULI
1014 513 1191 540 RACHEOS
1224 517 1274 541 ΕΤ
1305 517 1452 544 PELVIS·

325 622 421 654 Inter
457 621 516 653 ilia
538 626 572 653 et
604 627 639 651 os
671 630 806 652 sacrum
837 620 1010 652 musculus
1045 621 1194 653 occurrit
1233 623 1361 662 tenuis,
1395 622 1504 664 latus,
1544 623 1893 667 Isclzio-coccygezw.
1937 625 1967 657 A

282 679 354 711 ῐοῑέι
373 678 512 710 interm-*2
539 678 723 721 superficie
741 677 865 709 ossium
884 678 1024 710 iliorum
1045 678 1191 718 incipit,
1215 678 1381 722 fibrisque
1405 679 1601 710 musculosis
1623 679 1760 723 utrique
1786 679 1884 713 lateri
1907 693 1966 713 os-

285 737 329 768 sis
353 736 442 767 sacri
471 735 519 767 ita
551 735 715 767 inseritur
739 743 776 767 ut
805 733 967 776 angulum
992 734 1064 767 sere
1095 746 1172 767 cum
1203 734 1262 766 illo
1293 734 1416 766 efficiat
1448 745 1487 766 20
1510 733 1689 776 graduum.
1743 736 1866 768 Amice
1894 748 1970 769 cum

282 792 516 836 apophysibus
556 791 836 824 transversalibus
868 791 1045 823 vertebrae
1069 791 1206 822 ultimae
1233 792 1409 833 jungitur,
1445 792 1575 834 postice
1601 792 1673 824 abit
1700 792 1736 824 in
1775 801 1969 826 contextum

282 848 480 882 cellulosum
504 857 608 881 totam
627 849 741 880 trunci
760 847 924 890 posticam
946 855 1081 892 partem
1104 848 1324 880 ambientem.

319 908 372 939 M.
396 905 709 938 chmbo-costalis
740 903 1098 947 (Sacro-lambalis)
1132 912 1209 935 ante
1238 912 1271 936 et
1297 916 1402 948 super
1430 905 1788 948 Isclzio-coccygeum
1813 916 1883 937 sese
1912 905 1967 937 os-

276 962 357 994 fert.
401 961 434 994 A
463 962 566 994 cren&
601 960 775 1004 superiore
804 960 884 992 ossis
913 959 1108 1003 temporalis
1139 960 1291 1003 incipit,
1319 969 1353 992 et
1391 960 1474 991 inde
1507 961 1630 1004 cuique
1661 960 1845 992 vertebrali
1878 973 1968 1003 apo-

275 1018 378 1063 physi
415 1026 650 1057 transversae,
683 1015 873 1048 musculoso
910 1016 1002 1048 fibro
1039 1017 1243 1057 conjunctus
1278 1015 1395 1059 (unde
1427 1016 1729 1048 imm-sectionibus
1761 1016 1967 1060 quibusdam

276 1075 402 1107 divisus
423 1073 577 1115 videtur)
600 1072 775 1116 procurrit
804 1073 847 1104 ad
878 1081 1012 1116 partem
1046 1073 1127 1104 ossis
1158 1072 1244 1104 sacri
1278 1073 1445 1110 anticam,
1486 1073 1541 1105 cui
1574 1072 1671 1103 fibris
1702 1072 1890 1105 tendinosis
1921 1075 1964 1105 ita

276 1131 498 1173 conjungitur
529 1137 567 1159 ut
598 1128 759 1170 angulum
788 1129 861 1161 fere
892 1131 935 1162 25
957 1129 1125 1171 graduum
1151 1130 1283 1161 efficere
1316 1128 1483 1163 videatur.
1536 1129 1782 1163 Vertebrarum
1811 1130 1965 1174 quinque

273 1189 430 1232 priorum
454 1185 685 1228 apophysibus
710 1184 855 1226 spinosis
877 1185 1013 1217 huncce
1035 1185 1351 1226 musculumetiam
1372 1187 1600 1228 conjunctum
1622 1185 1773 1218 videmus
1787 1210 1797 1222 ,
1823 1194 1857 1218 et
1884 1187 1966 1229 qui-

276 1243 357 1276 dem
377 1255 441 1286 ope
462 1240 626 1273 tendinis.

312 1301 367 1333 M.
396 1298 571 1340 Obliquus
594 1296 761 1338 superior
777 1295 839 1326 sub
854 1296 1148 1329 Isumbo-cosma
1166 1297 1297 1341 positus
1315 1304 1374 1330 est.
1406 1296 1531 1330 Oritur
1551 1311 1567 1329 a
1586 1298 1761 1330 foraminis
1779 1300 1969 1343 occipitalis

275 1355 451 1398 margine,
474 1354 707 1396 inseriturque
733 1353 865 1395 primae
889 1353 1056 1397 apophysi
1082 1362 1294 1386 transversae
1316 1354 1432 1397 spinae
1453 1353 1606 1386 dorsalis.

314 1413 367 1446 DI,
393 1413 535 1443 Rectus
563 1410 748 1449 anterior,
769 1410 805 1440 in
825 1409 898 1440 basi
925 1411 1031 1441 cranii
1051 1409 1175 1453 incipit
1191 1422 1208 1440 a
1228 1421 1330 1441 crena
1351 1409 1513 1442 inferiore
1535 1411 1617 1442 ossis
1642 1410 1862 1454 temporalis,
1892 1412 1964 1444 fere

272 1469 335 1503 sub
357 1466 522 1499 foramine
541 1465 731 1511 occipita]i‚
755 1465 985 1509 inseriturque
1009 1466 1141 1509 primae
1164 1466 1332 1510 apophysi
1355 1474 1576 1499 transversae.

312 1525 561 1557 Musczzlorum
583 1523 1000 1555 Inter-trcmsversoram
1030 1522 1120 1553 iuter
1145 1521 1378 1567 quodcunque
1408 1534 1474 1566 par
1498 1524 1735 1556 vertebrarum
1763 1524 1831 1556 duo
1860 1522 1959 1557 inve-

270 1582 426 1613 niuntur.
481 1577 630 1610 Musculi
657 1586 736 1609 sunt
766 1578 905 1613 breves,
942 1579 1180 1622 vertebrisque
1214 1578 1429 1611 dextrorsum
1455 1588 1488 1611 et
1515 1580 1746 1612 sinistrorsum
1780 1581 1960 1613 flectendis

268 1638 470 1671 inserviunt.
515 1634 546 1665 A
569 1634 705 1665 nomine
725 1635 792 1674 jam
823 1632 1027 1674 intelligitur
1052 1633 1125 1665 illos
1151 1634 1277 1677 positos
1305 1646 1376 1664 esse
1404 1635 1495 1666 inter
1529 1636 1720 1678 apophyses
1743 1645 1959 1670 transversas.

311 1695 365 1727 M.
399 1692 602 1736 quadratus·
633 1690 851 1726 lumborum,
880 1690 940 1734 qui
962 1690 1060 1721 etiam
1081 1690 1209 1721 dicitur
1231 1690 1428 1722 chmbaris
1450 1698 1616 1723 externus·
1630 1715 1638 1731 ,
1663 1705 1680 1722 a
1700 1691 1852 1734 longiore
1872 1705 1960 1739 apo-

270 1751 373 1795 physi
394 1745 610 1780 transversali
629 1746 805 1779 vertebrae
829 1746 946 1777 tertiae
971 1747 1137 1788 oiiginem
1168 1746 1284 1786 ducit,
1317 1748 1547 1780 extremitates
1574 1760 1679 1791 porro
1712 1749 1958 1793 cujuscumque

271 1806 454 1851 apophysis
481 1803 712 1836 circumvestit
743 1814 850 1846 usque
881 1802 924 1834 ad
953 1804 1180 1835 extremitates
1212 1803 1397 1836 anteriores
1425 1805 1547 1837 ossium
1581 1804 1701 1847 ischii,
1735 1806 1789 1838 cui
1819 1807 1959 1840 tendine

272 1862 466 1896 firmissimo
491 1859 663 1892 adhaeret.

896 2038 1064 2063 MUSCULI
1109 2040 1335 2068 ABDOMINIS.

315 2146 476 2181 Muscnli
500 2145 698 2177 abdommis
728 2157 744 2176 a
770 2152 846 2176 cute
867 2156 997 2188 semper
1022 2154 1101 2177 sunt
1122 2147 1289 2188 separati,
1314 2154 1382 2177 tres
1402 2145 1526 2177 adsunt
1546 2146 1604 2189 qui
1627 2147 1816 2180 abdominis
1837 2149 1954 2190 parie—

274 2215 322 2238 tes
349 2206 385 2235 in
412 2212 559 2246 utroque
589 2200 693 2232 latere
716 2201 888 2233 efficiunt:
917 2203 1098 2234 musculus
1132 2203 1330 2235 abdominis
1356 2203 1516 2243 Rectus,
1551 2204 1687 2246 oblique
1714 2205 1952 2245 adscendens,

275 2269 369 2300 tem,
396 2268 429 2292 et
452 2260 589 2301 oblique
613 2259 840 2289 descendens.

319 2318 371 2350 M.
403 2317 542 2348 Rectus
564 2314 766 2347 abdominis
786 2324 834 2347 est
862 2314 1031 2347 musculus
1065 2315 1202 2357 longus,
1225 2316 1335 2357 latus,
1359 2317 1480 2349 tenuis.
1525 2317 1668 2358 Magnae
1698 2317 1818 2350 fasciae
1847 2319 1953 2350 instar

1872 2375 1954 2414 jux-
