2080 2744
398 225 750 264 COMMENTATIO
775 233 826 258 AD
850 219 1194 268 QUAESTIONEM
1220 221 1545 259 ZOOLOGICAM.
1812 234 1855 267 ²9

168 341 183 359 ((
201 324 285 357 huio
315 329 366 355 est
387 321 587 365 completa:
620 318 705 363 quid
733 318 858 350 mirum
880 314 972 359 quod
1001 311 1070 356 jam
1101 313 1235 354 sanguis
1265 313 1434 345 anteriora
1458 325 1572 347 versus
1590 312 1753 359 pellitur,
1775 325 1852 346 vasa

163 397 179 415 «
199 382 248 413 ibi
285 377 457 414 stimulat,
490 376 737 409 nutrimentum
767 372 900 414 largum
931 371 1049 402 affert:
1080 389 1119 397 -
1139 369 1270 410 verbo,
1297 369 1390 413 quod
1413 370 1519 413 pedes
1543 370 1729 403 anterio-res
1755 370 1849 403 evol—

163 453 178 472 «
199 444 324 469 vuntur
347 433 603 476 eorundemque
633 443 706 464 ossa
727 439 804 463 vere
833 438 868 458 os
896 425 1035 457 fiunt1”

202 493 310 524 Porro
335 491 406 531 jam
426 489 524 521 nobis
546 500 624 521 cum
644 487 771 518 mutata
791 483 935 516 statione
954 479 1104 514 animalis
1127 481 1255 524 egregie
1280 481 1461 516 convenire
1475 481 1636 516 videntur
1648 505 1658 524 ,
1681 482 1849 517 evolutio-

160 549 212 579 nis
238 557 435 591 progressus
456 558 558 590 supra
579 542 744 576 adnotati.

204 601 341 636 Animal
377 601 468 632 enim
494 602 531 632 in
564 601 675 644 primo
707 599 796 631 vitae
827 596 935 629 stadio
965 602 1016 628 est
1049 597 1209 640 aquatile
1229 598 1427 640 piscinam.
1471 595 1621 629 Piscium
1648 605 1720 629 sese
1748 596 1850 629 modo

160 666 294 699 movet,
317 658 440 691 huicce
461 657 538 688 usui
557 655 731 698 praeclare
749 654 891 686 inservit
913 653 1037 685 caudae
1059 662 1253 693 structura,
1278 665 1364 697 quae
1387 664 1464 685 cum
1486 653 1651 695 anguillae
1669 664 1849 686 muraenae

161 715 335 747 structura
352 738 361 751 ‚
386 713 568 758 praecipue
587 711 646 742 illa
674 711 781 754 partis
804 709 1022 752 posterioris,
1049 709 1171 752 pulcre
1194 710 1352 741 convenit
1375 709 1459 750 (Cf.
1483 711 1514 742 J.
1536 721 1568 742 v.
1593 710 1846 742 Swammer-

160 772 256 803 dam
277 769 365 801 Bibl.
388 771 464 802 Nat.
489 768 624 811 tab.49.
648 767 705 808 fig.
730 778 757 798 1.
775 767 791 804 )
837 766 974 809 Ubique
1000 765 1091 797 enim
1109 764 1253 797 musculi
1271 773 1460 798 transverse
1481 773 1561 797 sunt
1582 765 1685 809 positi
1695 785 1714 805 ,ν
1728 773 1845 805 strue-7

159 836 340 871 turamque
370 825 502 856 habent
534 835 636 866 quam
668 822 791 855 dicunt
817 822 963 853 anatomi
986 830 1193 864 pennatam,
1215 832 1363 866 superne
1388 829 1422 853 et
1446 821 1581 853 inferne
1603 829 1728 853 exeunt
1750 833 1846 853 mus-

162 883 232 915 culi
258 883 294 912 in
320 881 486 921 margines
504 878 800 916 membranaceas,
823 878 939 920 pinnis
956 876 1121 917 analogas.
1143 875 1464 918 Pedesposteriores
1484 877 1597 920 primo
1618 889 1755 921 quoque
1769 886 1850 910 sunt

155 937 394 982 pinniformes.
430 934 637 979 Res-piratio,
661 935 761 977 (quae
783 943 863 966 vero
884 931 940 964 hic
960 931 1071 962 miuus
1085 929 1273 973 alleganda)
1290 955 1299 967 ‚
1324 932 1430 962 verbo
1444 954 1454 971 ‚
1476 933 1588 964 omnia
1606 942 1686 965 sunt
1703 934 1848 978 piscina.

199 995 274 1026 Jam
299 994 367 1035 jam
389 991 502 1024 evadit
527 989 676 1030 animal,
710 989 871 1032 aquatile
895 987 1084 1030 pedatzcm.
1129 985 1288 1019 Natando
1321 987 1483 1019 continuo
1507 999 1576 1020 sese
1603 997 1727 1021 movet.
1768 990 1847 1023 Non

157 1060 238 1083 vero
267 1048 424 1091 ejusdem
453 1046 661 1079 necessitatis
688 1045 745 1077 hic
768 1053 821 1077 est
845 1042 951 1076 cauda
973 1054 1011 1075 ac
1032 1042 1069 1073 in
1095 1042 1211 1088 priore
1236 1049 1325 1073 statu
1348 1043 1461 1087 (quae
1479 1045 1582 1084 igitur
1607 1046 1675 1086 jam
1700 1045 1846 1078 flacces-

159 1116 233 1138 sere
259 1113 294 1137 et
308 1105 378 1136 leni
398 1105 606 1137 detrimento
623 1100 755 1134 absumi
776 1101 946 1144 incipit),
971 1110 1050 1130 nam
1069 1097 1175 1141 pedes
1204 1098 1408 1141 posteriores
1437 1098 1605 1140 peculiari
1633 1100 1736 1133 modo
1756 1113 1850 1135 nunc

160 1162 270 1194 :motui
291 1161 493 1193 inserviunt.
537 1158 645 1191 Pedes
674 1157 767 1190 euim
795 1156 1018 1200 posteriores,
1055 1154 1099 1186 ad
1130 1155 1319 1198 phocarum
1355 1153 1514 1192 modum,
1541 1156 1740 1189 membrana
1769 1167 1849 1191 sunt

155 1218 311 1251 munitae
336 1213 577 1256 interdigitali,
603 1225 708 1256 quae,
729 1225 834 1255 quum
850 1220 967 1243 natare
993 1211 1203 1243 constituunt
1224 1209 1444 1254 expanditur.
1488 1210 1602 1252 Major
1627 1212 1751 1246 exinde
1766 1214 1846 1258 pal-

157 1285 290 1307 marum
316 1272 430 1305 evadit
450 1268 668 1313 superficies,
695 1277 780 1310 quae
810 1265 851 1296 ab
881 1267 965 1309 aqud
989 1264 1091 1306 igitur
1112 1263 1219 1295 multo
1243 1264 1361 1295 melius
1392 1276 1430 1297 ac
1452 1273 1552 1297 antea
1572 1267 1722 1302 fulcitur.
1750 1271 1845 1303 Rana

155 1331 229 1371 ‘jam
243 1353 253 1369 ,
282 1326 502 1371 pulmonibus
529 1336 606 1356 aere
634 1321 774 1366 expletis
790 1345 799 1362 ‚
822 1321 951 1366 ubique
973 1319 1094 1353 eodem
1117 1332 1194 1352 cuin
1219 1322 1307 1364 aqua
1337 1320 1492 1363 pondere
1513 1323 1639 1364 gaudet
1662 1325 1846 1367 specifico,

159 1395 283 1428 corpus
300 1384 403 1426 igitur
423 1382 488 1414 rite
509 1380 706 1412 sustinetur.
738 1379 873 1424 Corpus
895 1378 964 1419 jam
986 1376 1194 1409 extenditur.
1218 1376 1348 1409 Palmae
1373 1390 1517 1421 aquaeae
1537 1378 1712 1413 columnae
1732 1393 1846 1425 appo-

156 1443 240 1475 sitae
264 1440 454 1484 prohibent
474 1449 517 1469 ne
544 1443 756 1480 postrorsum
781 1434 923 1465 fluctuat
949 1445 1033 1465 rana
1053 1455 1090 1461 —
1112 1435 1181 1475 jam
1204 1433 1273 1473 jam
1294 1444 1373 1465 vero
1395 1434 1499 1475 pedes
1519 1434 1768 1477 adtrahantur,
1789 1437 1847 1469 di-

157 1497 281 1531 stantia
301 1494 404 1537 igitur
421 1493 479 1527 illa
498 1504 585 1538 quae
607 1504 625 1523 a
638 1489 749 1523 fulcro
769 1501 876 1534 usque
890 1489 932 1521 ad
956 1497 1119 1522 truncum
1144 1487 1263 1520 aderat
1289 1496 1463 1521 transnata
1481 1499 1543 1523 est.
1567 1492 1701 1535 Corpus
1722 1493 1846 1527 iterum

157 1551 377 1590 extenditur,
405 1562 422 1581 a
440 1548 589 1594 pedibus
608 1547 644 1580 in
665 1547 776 1581 fulcro
798 1547 965 1581 retinetur
979 1569 989 1589 ,
1013 1545 1163 1590 pedibus
1182 1545 1307 1579 iterum
1332 1547 1482 1580 attractis
1500 1547 1621 1581 eadem
1643 1560 1728 1592 quae
1749 1559 1846 1583 antea

156 1609 320 1642 distantia
345 1614 395 1638 est
413 1604 576 1636 absoluta.

198 1664 309 1703 Pedes
340 1663 442 1705 igitur
464 1659 668 1705 posteriores
691 1666 730 1692 ut
753 1660 850 1703 prius
875 1660 1136 1701 evolverentur,
1159 1660 1332 1704 sapienter
1354 1668 1475 1693 natura
1496 1663 1684 1696 constituit.

200 1719 337 1755 Animal
364 1717 489 1751 exinde
519 1717 656 1760 gyrinus
683 1715 795 1749 evadit
829 1724 1003 1750 terrestre
1025 1726 1060 1749 et
1082 1717 1243 1760 aquatile
1267 1716 1503 1760 (ampltihion)
1528 1719 1683 1750 saltando
1713 1727 1747 1752 et
1777 1733 1842 1753 na-

159 1777 266 1811 tando
289 1787 359 1808 sese
383 1785 532 1807 movens.
578 1771 693 1804 Gauda
720 1773 789 1814 jam
814 1773 850 1804 in
877 1772 1032 1806 saltando
1060 1773 1212 1811 inutilis,
1247 1773 1352 1805 immo
1377 1773 1515 1805 molesta
1543 1774 1650 1815 foret,
1676 1764 1846 1821 igiturque

160 1833 358 1878 deponitur.
403 1830 561 1863 Membra
585 1840 678 1861 nunc
708 1829 898 1873 posteriora
926 1837 960 1860 et
989 1829 1159 1862 anteriora
1185 1830 1377 1863 firmissima
1406 1830 1651 1873 requiruntur,
1687 1831 1844 1878 inprimis

155 1891 347 1933 posteriora
367 1887 597 1929 —igiturque
621 1885 657 1917 in
682 1884 748 1917 illis
771 1884 959 1917 formandis
984 1893 1107 1917 natura
1130 1894 1201 1918 tota
1220 1896 1283 1921 est.

202 1945 320 1979 Gauda
345 1955 426 1977 vero
452 1943 494 1974 ab
521 1941 620 1973 initio
648 1942 716 1983 jam
742 1941 829 1973 sorte
850 1942 896 1973 ita
912 1941 1075 1984 disposita
1093 1942 1178 1983 fuit,
1205 1951 1262 1980 ut,
1289 1943 1441 1987 quamvis
1459 1942 1675 1985 cartilaginea
1695 1945 1846 1990 quadam

156 2002 229 2035 basi
243 2001 372 2033 munita
385 2023 395 2040 ,
414 1998 640 2043 phosphatem
662 1996 762 2029 calcis
777 2009 845 2028 non
868 1998 1022 2040 accipiat.
1044 1999 1115 2030 Lex
1137 2000 1227 2031 enim
1240 1998 1296 2030 illa
1315 1998 1477 2040 generalis
1499 2008 1658 2038 naturae,
1677 2014 1694 2033 a
1712 2005 1843 2035 summo

166 2065 317 2092 nostrate
340 2058 602 2097 Brugmans,
629 2061 694 2087 tam
722 2053 894 2100 praeclare
930 2055 965 2086 in
1001 2053 1205 2087 lectionibus
1238 2055 1387 2099 publicis
1416 2055 1583 2100 explicata
1603 2080 1613 2098 ,
1647 2067 1681 2089 et
1713 2071 1731 2090 a
1762 2060 1842 2092 Ge-

162 2114 295 2147 rardo
318 2110 476 2147 Vrolik
496 2111 539 2143 ad
562 2111 723 2144 arborum
751 2110 1004 2143 defoliationem
1028 2111 1268 2155 explicandam
1297 2113 1428 2156 egregie
1454 2113 1625 2156 applicata
1648 2115 1742 2156 (1),
1775 2117 1842 2158 qua

1769 2183 1846 2203 om-

198 2264 230 2296 (ι
243 2263 253 2295 )
274 2262 297 2288 G
309 2259 426 2288 erardi
441 2259 565 2287 Vrolik
583 2259 779 2286 Observationes
798 2260 828 2286 de
848 2258 1014 2286 desoliatione
1029 2260 1210 2294 vegetabilium
1225 2267 1274 2287 etc.
1292 2260 1313 2286 L
1330 2260 1362 2286 B.
1382 2268 1461 2293 1797,
1480 2257 1524 2284 ubi
1538 2259 1632 2293 pagina}
1648 2260 1738 2295 quinta
1749 2283 1756 2296 ‚
1775 2271 1847 2288 sum—

165 2318 206 2335 ma
223 2309 412 2335 dissertationis
430 2308 582 2334 continetur.

200 2367 210 2384 1
221 2378 228 2390 ‚
252 2367 264 2382 n
280 2357 412 2383 Foliorum
428 2357 495 2391 vita,
514 2356 574 2383 licet
591 2355 728 2382 cohaerent
744 2364 801 2382 cum
820 2356 872 2382 vitai
891 2356 970 2384 totius
988 2357 1087 2384 arboris
1099 2376 1106 2389 ,
1122 2356 1228 2391 propria
1243 2362 1329 2382 tamen
1345 2361 1398 2390 est,
1416 2352 1517 2390 sibique
1533 2355 1617 2390 privas
1640 2357 1707 2382 vitae
1726 2358 1846 2392 periodos

1066 2405 1097 2437 D
1120 2405 1139 2439 5
1751 2414 1763 2432 »
1778 2413 1848 2431 eme-
