<?xml version="1.0" encoding="UTF-8"?>
<!DOCTYPE html PUBLIC "-//W3C//DTD XHTML 1.0 Transitional//EN"
    "http://www.w3.org/TR/xhtml1/DTD/xhtml1-transitional.dtd">
<html xmlns="http://www.w3.org/1999/xhtml" xml:lang="en" lang="en">
 <head>
  <title>
</title>
<meta http-equiv="Content-Type" content="text/html;charset=utf-8" />
  <meta name='ocr-system' content='tesseract 3.04.00' />
  <meta name='ocr-capabilities' content='ocr_page ocr_carea ocr_par ocr_line ocrx_word'/>
</head>
<body>
  <div class='ocr_page' id='page_1' title='image "./commentatioadqua00vana_0028.png"; bbox 0 0 2080 2744; ppageno 0'>
   <div class='ocr_carea' id='block_1_1' title="bbox 261 195 1571 238">
    <p class='ocr_par' dir='ltr' id='par_1_1' title="bbox 261 195 1571 238">
     <span class='ocr_line' id='line_1_1' title="bbox 261 195 1571 238; baseline -0.002 -4"><span class='ocrx_word' id='word_1_1' title='bbox 261 202 303 236; x_wconf 78' lang='lat'><strong>24</strong></span> <span class='ocrx_word' id='word_1_2' title='bbox 663 199 707 232; x_wconf 86' lang='lat' dir='ltr'><strong>H.</strong></span> <span class='ocrx_word' id='word_1_3' title='bbox 795 197 836 231; x_wconf 87' lang='lat' dir='ltr'><strong>L.</strong></span> <span class='ocrx_word' id='word_1_4' title='bbox 925 203 1048 230; x_wconf 76' lang='lat' dir='ltr'><strong>VAN</strong></span> <span class='ocrx_word' id='word_1_5' title='bbox 1135 195 1571 238; x_wconf 84' lang='lat' dir='ltr'><strong>ALTENA,</strong></span> 
     </span>
    </p>
   </div>
   <div class='ocr_carea' id='block_1_2' title="bbox 272 286 1967 1748">
    <p class='ocr_par' dir='ltr' id='par_1_2' title="bbox 272 286 1964 565">
     <span class='ocr_line' id='line_1_2' title="bbox 311 286 1962 336; baseline 0.002 -10"><span class='ocrx_word' id='word_1_6' title='bbox 311 291 596 326; x_wconf 79' lang='lat' dir='ltr'><strong>Antibraclzium</strong></span> <span class='ocrx_word' id='word_1_7' title='bbox 626 296 756 322; x_wconf 87' lang='lat' dir='ltr'><strong>constat</strong></span> <span class='ocrx_word' id='word_1_8' title='bbox 782 289 900 322; x_wconf 82' lang='lat' dir='ltr'><strong>cubito</strong></span> <span class='ocrx_word' id='word_1_9' title='bbox 928 294 965 320; x_wconf 89' lang='lat' dir='ltr'><strong>et</strong></span> <span class='ocrx_word' id='word_1_10' title='bbox 996 287 1101 319; x_wconf 83' lang='lat' dir='ltr'><strong>radio</strong></span> <span class='ocrx_word' id='word_1_11' title='bbox 1124 286 1164 319; x_wconf 90' lang='lat' dir='ltr'><strong>in</strong></span> <span class='ocrx_word' id='word_1_12' title='bbox 1185 298 1292 320; x_wconf 89' lang='lat' dir='ltr'><strong>unum</strong></span> <span class='ocrx_word' id='word_1_13' title='bbox 1319 289 1571 333; x_wconf 87' lang='lat' dir='ltr'><strong>conglutinatis.</strong></span> <span class='ocrx_word' id='word_1_14' title='bbox 1618 289 1723 334; x_wconf 86' lang='lat' dir='ltr'><strong>Quod</strong></span> <span class='ocrx_word' id='word_1_15' title='bbox 1756 295 1906 336; x_wconf 80' lang='lat' dir='ltr'><strong>quamvis</strong></span> <span class='ocrx_word' id='word_1_16' title='bbox 1927 305 1962 330; x_wconf 86' lang='lat' dir='ltr'><strong>et</strong></span> 
     </span>
     <span class='ocr_line' id='line_1_3' title="bbox 272 344 1963 393; baseline -0.001 -11"><span class='ocrx_word' id='word_1_17' title='bbox 272 362 289 382; x_wconf 91' lang='lat' dir='ltr'><strong>e</strong></span> <span class='ocrx_word' id='word_1_18' title='bbox 309 350 418 393; x_wconf 66' lang='lat' dir='ltr'><strong>figura</strong></span> <span class='ocrx_word' id='word_1_19' title='bbox 442 347 582 381; x_wconf 69' lang='lat' dir='ltr'><strong>externa</strong></span> <span class='ocrx_word' id='word_1_20' title='bbox 611 347 680 389; x_wconf 84' lang='lat' dir='ltr'><strong>jam</strong></span> <span class='ocrx_word' id='word_1_21' title='bbox 699 354 832 392; x_wconf 83' lang='lat' dir='ltr'><strong>pateat,</strong></span> <span class='ocrx_word' id='word_1_22' title='bbox 855 356 896 377; x_wconf 81' lang='lat' dir='ltr'><strong>ex</strong></span> <span class='ocrx_word' id='word_1_23' title='bbox 917 344 1056 377; x_wconf 63' lang='lat' dir='ltr'><strong>interna</strong></span> <span class='ocrx_word' id='word_1_24' title='bbox 1082 346 1255 378; x_wconf 71' lang='lat' dir='ltr'><strong>structura</strong></span> <span class='ocrx_word' id='word_1_25' title='bbox 1277 356 1381 389; x_wconf 86' lang='lat' dir='ltr'><strong>quam</strong></span> <span class='ocrx_word' id='word_1_26' title='bbox 1407 347 1551 379; x_wconf 81' lang='lat' dir='ltr'><strong>maxime</strong></span> <span class='ocrx_word' id='word_1_27' title='bbox 1586 355 1741 391; x_wconf 83' lang='lat' dir='ltr'><strong>apertum</strong></span> <span class='ocrx_word' id='word_1_28' title='bbox 1771 348 1823 382; x_wconf 89' lang='lat' dir='ltr'><strong>fit.</strong></span> <span class='ocrx_word' id='word_1_29' title='bbox 1876 351 1963 392; x_wconf 72' lang='lat' dir='ltr'><strong>Cava</strong></span> 
     </span>
     <span class='ocr_line' id='line_1_4' title="bbox 273 401 1963 451; baseline -0.002 -9"><span class='ocrx_word' id='word_1_30' title='bbox 273 410 362 442; x_wconf 81' lang='lat' dir='ltr'><strong>enim</strong></span> <span class='ocrx_word' id='word_1_31' title='bbox 394 406 594 441; x_wconf 83' lang='lat' dir='ltr'><strong>medullaria</strong></span> <span class='ocrx_word' id='word_1_32' title='bbox 618 405 770 451; x_wconf 86' lang='lat' dir='ltr'><strong>quamvis</strong></span> <span class='ocrx_word' id='word_1_33' title='bbox 801 405 838 436; x_wconf 86' lang='lat' dir='ltr'><strong>in</strong></span> <span class='ocrx_word' id='word_1_34' title='bbox 873 404 1053 448; x_wconf 80' lang='lat' dir='ltr'><strong>superiore</strong></span> <span class='ocrx_word' id='word_1_35' title='bbox 1085 411 1184 446; x_wconf 89' lang='lat' dir='ltr'><strong>parte</strong></span> <span class='ocrx_word' id='word_1_36' title='bbox 1214 401 1428 445; x_wconf 85' lang='lat' dir='ltr'><strong>aliquantum</strong></span> <span class='ocrx_word' id='word_1_37' title='bbox 1455 411 1596 443; x_wconf 84' lang='lat' dir='ltr'><strong>coeant,</strong></span> <span class='ocrx_word' id='word_1_38' title='bbox 1620 404 1657 435; x_wconf 88' lang='lat' dir='ltr'><strong>in</strong></span> <span class='ocrx_word' id='word_1_39' title='bbox 1687 404 1850 438; x_wconf 87' lang='lat' dir='ltr'><strong>inferiore</strong></span> <span class='ocrx_word' id='word_1_40' title='bbox 1878 405 1963 438; x_wconf 84' lang='lat' dir='ltr'><strong>duos</strong></span> 
     </span>
     <span class='ocr_line' id='line_1_5' title="bbox 275 458 1964 506; baseline -0.003 -7"><span class='ocrx_word' id='word_1_41' title='bbox 275 465 404 499; x_wconf 80' lang='lat' dir='ltr'><strong>canales</strong></span> <span class='ocrx_word' id='word_1_42' title='bbox 433 464 580 496; x_wconf 79' lang='lat' dir='ltr'><strong>offerunt</strong></span> <span class='ocrx_word' id='word_1_43' title='bbox 613 471 786 506; x_wconf 84' lang='lat' dir='ltr'><strong>separatos</strong></span> <span class='ocrx_word' id='word_1_44' title='bbox 816 461 905 505; x_wconf 78' lang='grc' dir='ltr'>(ι).</span> <span class='ocrx_word' id='word_1_45' title='bbox 950 459 1200 494; x_wconf 85' lang='lat' dir='ltr'><strong>Pulcerrimum</strong></span> <span class='ocrx_word' id='word_1_46' title='bbox 1230 458 1298 491; x_wconf 86' lang='lat' dir='ltr'><strong>hoe</strong></span> <span class='ocrx_word' id='word_1_47' title='bbox 1326 459 1466 492; x_wconf 89' lang='lat' dir='ltr'><strong>omnino</strong></span> <span class='ocrx_word' id='word_1_48' title='bbox 1498 459 1760 501; x_wconf 87' lang='lat' dir='ltr'><strong>glutinationum</strong></span> <span class='ocrx_word' id='word_1_49' title='bbox 1787 472 1806 493; x_wconf 89' lang='lat' dir='ltr'><strong>e</strong></span> <span class='ocrx_word' id='word_1_50' title='bbox 1834 461 1964 494; x_wconf 75' lang='lat' dir='ltr'><strong>theoria</strong></span> 
     </span>
     <span class='ocr_line' id='line_1_6' title="bbox 275 518 825 565; baseline -0.007 -11"><span class='ocrx_word' id='word_1_51' title='bbox 275 520 507 554; x_wconf 81' lang='lat' dir='ltr'><strong>Candollii</strong></span> <span class='ocrx_word' id='word_1_52' title='bbox 532 519 724 565; x_wconf 86' lang='lat' dir='ltr'><strong>exemplum</strong></span> <span class='ocrx_word' id='word_1_53' title='bbox 747 518 825 560; x_wconf 83' lang='lat'><strong>(2).</strong></span> 
     </span>
    </p>

    <p class='ocr_par' dir='ltr' id='par_1_3' title="bbox 273 572 1965 668">
     <span class='ocr_line' id='line_1_7' title="bbox 316 572 1965 621; baseline -0.002 -11"><span class='ocrx_word' id='word_1_54' title='bbox 316 579 396 610; x_wconf 81' lang='lat' dir='ltr'><strong>Pars</strong></span> <span class='ocrx_word' id='word_1_55' title='bbox 429 577 598 621; x_wconf 81' lang='lat' dir='ltr'>posterior</span> <span class='ocrx_word' id='word_1_56' title='bbox 621 577 691 618; x_wconf 85' lang='lat' dir='ltr'><strong>jam</strong></span> <span class='ocrx_word' id='word_1_57' title='bbox 727 574 882 607; x_wconf 85' lang='lat' dir='ltr'><strong>continet</strong></span> <span class='ocrx_word' id='word_1_58' title='bbox 906 585 1029 607; x_wconf 74' lang='lat' dir='ltr'><strong>cavum</strong></span> <span class='ocrx_word' id='word_1_59' title='bbox 1051 574 1253 607; x_wconf 72' lang='lat' dir='ltr'><strong>articulare:</strong></span> <span class='ocrx_word' id='word_1_60' title='bbox 1278 573 1506 607; x_wconf 75' lang='lat' dir='ltr'><em>acetabulum</em></span> <span class='ocrx_word' id='word_1_61' title='bbox 1531 572 1671 616; x_wconf 78' lang='lat' dir='ltr'><em>condyli</em></span> <span class='ocrx_word' id='word_1_62' title='bbox 1694 573 1853 616; x_wconf 80' lang='lat' dir='ltr'><strong>capitati</strong></span> <span class='ocrx_word' id='word_1_63' title='bbox 1874 577 1965 607; x_wconf 81' lang='lat' dir='ltr'><strong>ossis</strong></span> 
     </span>
     <span class='ocr_line' id='line_1_8' title="bbox 273 635 425 668; baseline -0.013 0"><span class='ocrx_word' id='word_1_64' title='bbox 273 635 425 668; x_wconf 77' lang='lat' dir='ltr'><strong>humeri.</strong></span> 
     </span>
    </p>

    <p class='ocr_par' dir='ltr' id='par_1_4' title="bbox 274 686 1965 787">
     <span class='ocr_line' id='line_1_9' title="bbox 317 686 1965 734; baseline -0.003 -11"><span class='ocrx_word' id='word_1_65' title='bbox 317 692 399 724; x_wconf 80' lang='lat' dir='ltr'><strong>Pars</strong></span> <span class='ocrx_word' id='word_1_66' title='bbox 426 689 570 722; x_wconf 87' lang='lat' dir='ltr'><strong>inferior</strong></span> <span class='ocrx_word' id='word_1_67' title='bbox 598 699 683 734; x_wconf 82' lang='lat' dir='ltr'><strong>quae</strong></span> <span class='ocrx_word' id='word_1_68' title='bbox 710 687 809 720; x_wconf 77' lang='lat' dir='ltr'><strong>latior</strong></span> <span class='ocrx_word' id='word_1_69' title='bbox 835 695 906 728; x_wconf 85' lang='lat' dir='ltr'><strong>est,</strong></span> <span class='ocrx_word' id='word_1_70' title='bbox 928 688 1046 720; x_wconf 83' lang='lat' dir='ltr'><strong>cubiti</strong></span> <span class='ocrx_word' id='word_1_71' title='bbox 1062 694 1101 719; x_wconf 88' lang='lat' dir='ltr'><strong>et</strong></span> <span class='ocrx_word' id='word_1_72' title='bbox 1124 688 1224 720; x_wconf 82' lang='lat' dir='ltr'><strong>radii</strong></span> <span class='ocrx_word' id='word_1_73' title='bbox 1249 687 1479 719; x_wconf 77' lang='lat' dir='ltr'><strong>extremitates</strong></span> <span class='ocrx_word' id='word_1_74' title='bbox 1512 686 1707 727; x_wconf 83' lang='lat' dir='ltr'>cartilagine</span> <span class='ocrx_word' id='word_1_75' title='bbox 1739 687 1965 728; x_wconf 87' lang='lat' dir='ltr'><strong>conjunctas,</strong></span> 
     </span>
     <span class='ocr_line' id='line_1_10' title="bbox 274 740 1903 787; baseline -0.002 -8"><span class='ocrx_word' id='word_1_76' title='bbox 274 748 352 781; x_wconf 79' lang='lat' dir='ltr'><strong>satis</strong></span> <span class='ocrx_word' id='word_1_77' title='bbox 371 747 460 779; x_wconf 90' lang='lat' dir='ltr'><strong>bene</strong></span> <span class='ocrx_word' id='word_1_78' title='bbox 481 746 595 779; x_wconf 81' lang='lat' dir='ltr'><strong>offert.</strong></span> <span class='ocrx_word' id='word_1_79' title='bbox 642 744 853 787; x_wconf 73' lang='lat' dir='ltr'><em>Capitulum</em></span> <span class='ocrx_word' id='word_1_80' title='bbox 871 744 1025 787; x_wconf 64' lang='lat' dir='ltr'><strong>inferius</strong></span> <span class='ocrx_word' id='word_1_81' title='bbox 1047 744 1084 776; x_wconf 88' lang='lat' dir='ltr'><strong>in</strong></span> <span class='ocrx_word' id='word_1_82' title='bbox 1106 744 1246 782; x_wconf 84' lang='lat' dir='ltr'><strong>cubito,</strong></span> <span class='ocrx_word' id='word_1_83' title='bbox 1272 744 1472 787; x_wconf 68' lang='lat' dir='ltr'><strong>apophysin</strong></span> <span class='ocrx_word' id='word_1_84' title='bbox 1495 740 1717 785; x_wconf 58' lang='lat' dir='ltr'><strong>styloz&#39;cleum‘</strong></span> <span class='ocrx_word' id='word_1_85' title='bbox 1733 743 1770 773; x_wconf 89' lang='lat' dir='ltr'><strong>in</strong></span> <span class='ocrx_word' id='word_1_86' title='bbox 1788 744 1903 776; x_wconf 83' lang='lat' dir='ltr'><strong>radio.</strong></span> 
     </span>
    </p>

    <p class='ocr_par' dir='ltr' id='par_1_5' title="bbox 275 799 1966 949">
     <span class='ocr_line' id='line_1_11' title="bbox 318 799 1966 840; baseline -0.004 -3"><span class='ocrx_word' id='word_1_87' title='bbox 318 805 451 837; x_wconf 73' lang='lat' dir='ltr'><strong>Manus</strong></span> <span class='ocrx_word' id='word_1_88' title='bbox 472 803 581 835; x_wconf 87' lang='lat' dir='ltr'><strong>tribus</strong></span> <span class='ocrx_word' id='word_1_89' title='bbox 599 801 723 834; x_wconf 86' lang='lat' dir='ltr'><strong>ossium</strong></span> <span class='ocrx_word' id='word_1_90' title='bbox 743 808 875 833; x_wconf 86' lang='lat' dir='ltr'><strong>constat</strong></span> <span class='ocrx_word' id='word_1_91' title='bbox 894 801 1058 833; x_wconf 85' lang='lat' dir='ltr'><strong>seriebus.</strong></span> <span class='ocrx_word' id='word_1_92' title='bbox 1102 801 1235 833; x_wconf 68' lang='lat' dir='ltr'><strong>Prima</strong></span> <span class='ocrx_word' id='word_1_93' title='bbox 1254 801 1356 832; x_wconf 85' lang='lat' dir='ltr'><strong>series</strong></span> <span class='ocrx_word' id='word_1_94' title='bbox 1377 799 1447 832; x_wconf 87' lang='lat' dir='ltr'><strong>duo</strong></span> <span class='ocrx_word' id='word_1_95' title='bbox 1464 799 1570 832; x_wconf 86' lang='lat' dir='ltr'><strong>habet</strong></span> <span class='ocrx_word' id='word_1_96' title='bbox 1587 810 1678 840; x_wconf 86' lang='lat' dir='ltr'><strong>ossa,</strong></span> <span class='ocrx_word' id='word_1_97' title='bbox 1702 811 1740 831; x_wconf 81' lang='lat' dir='ltr'><strong>os</strong></span> <span class='ocrx_word' id='word_1_98' title='bbox 1768 799 1906 831; x_wconf 73' lang='lat' dir='ltr'><strong>radiate</strong></span> <span class='ocrx_word' id='word_1_99' title='bbox 1932 808 1966 832; x_wconf 90' lang='lat' dir='ltr'><strong>et</strong></span> 
     </span>
     <span class='ocr_line' id='line_1_12' title="bbox 277 854 1962 901; baseline -0.004 -8"><span class='ocrx_word' id='word_1_100' title='bbox 277 861 433 893; x_wconf 75' lang='lat' dir='ltr'><strong>cubitale</strong></span> <span class='ocrx_word' id='word_1_101' title='bbox 447 883 457 901; x_wconf 89' lang='lat'><strong><em>‚</em></strong></span> <span class='ocrx_word' id='word_1_102' title='bbox 481 859 639 892; x_wconf 79' lang='lat' dir='ltr'><strong>secunda</strong></span> <span class='ocrx_word' id='word_1_103' title='bbox 665 857 730 889; x_wconf 88' lang='lat' dir='ltr'><strong>tria</strong></span> <span class='ocrx_word' id='word_1_104' title='bbox 752 857 879 897; x_wconf 84' lang='lat' dir='ltr'><strong>habet,</strong></span> <span class='ocrx_word' id='word_1_105' title='bbox 904 866 1051 899; x_wconf 86' lang='lat' dir='ltr'><strong>quorum</strong></span> <span class='ocrx_word' id='word_1_106' title='bbox 1067 856 1253 890; x_wconf 71' lang='lat' dir='ltr'><strong>maximum</strong></span> <span class='ocrx_word' id='word_1_107' title='bbox 1277 856 1422 888; x_wconf 88' lang='lat' dir='ltr'><strong>sustinet</strong></span> <span class='ocrx_word' id='word_1_108' title='bbox 1442 856 1677 888; x_wconf 80' lang='lat' dir='ltr'><strong>rudimentum</strong></span> <span class='ocrx_word' id='word_1_109' title='bbox 1695 854 1850 900; x_wconf 82' lang='lat' dir='ltr'><strong>pollicis,</strong></span> <span class='ocrx_word' id='word_1_110' title='bbox 1873 854 1962 887; x_wconf 86' lang='lat' dir='ltr'><strong>duo—</strong></span> 
     </span>
     <span class='ocr_line' id='line_1_13' title="bbox 275 911 1705 949; baseline -0.005 -1"><span class='ocrx_word' id='word_1_111' title='bbox 275 918 338 949; x_wconf 79' lang='lat' dir='ltr'><strong>bus</strong></span> <span class='ocrx_word' id='word_1_112' title='bbox 362 915 511 949; x_wconf 81' lang='lat' dir='ltr'><strong>articulis</strong></span> <span class='ocrx_word' id='word_1_113' title='bbox 535 921 705 948; x_wconf 77' lang='lat' dir='ltr'><strong>constans.</strong></span> <span class='ocrx_word' id='word_1_114' title='bbox 753 913 882 946; x_wconf 78' lang='lat' dir='ltr'><strong>Tertia</strong></span> <span class='ocrx_word' id='word_1_115' title='bbox 906 913 1019 945; x_wconf 79' lang='lat' dir='ltr'><strong>series</strong></span> <span class='ocrx_word' id='word_1_116' title='bbox 1041 912 1150 944; x_wconf 83' lang='lat' dir='ltr'><strong>tribus</strong></span> <span class='ocrx_word' id='word_1_117' title='bbox 1173 913 1299 945; x_wconf 87' lang='lat' dir='ltr'><strong>iterum</strong></span> <span class='ocrx_word' id='word_1_118' title='bbox 1321 911 1450 946; x_wconf 78' lang='lat' dir='ltr'><strong>ossibus</strong></span> <span class='ocrx_word' id='word_1_119' title='bbox 1474 912 1705 944; x_wconf 86' lang='lat' dir='ltr'><strong>constituitur.</strong></span> 
     </span>
    </p>

    <p class='ocr_par' dir='ltr' id='par_1_6' title="bbox 273 967 1965 1118">
     <span class='ocr_line' id='line_1_14' title="bbox 318 967 1963 1015; baseline -0.004 -9"><span class='ocrx_word' id='word_1_120' title='bbox 318 972 474 1015; x_wconf 77' lang='lat' dir='ltr'><strong>Digitus</strong></span> <span class='ocrx_word' id='word_1_121' title='bbox 507 971 683 1005; x_wconf 77' lang='lat' dir='ltr'><strong>secundus</strong></span> <span class='ocrx_word' id='word_1_122' title='bbox 709 969 894 1003; x_wconf 74' lang='lat' dir='ltr'><strong>sustinetur</strong></span> <span class='ocrx_word' id='word_1_123' title='bbox 925 981 943 1001; x_wconf 87' lang='lat' dir='ltr'><strong>a</strong></span> <span class='ocrx_word' id='word_1_124' title='bbox 972 968 1089 1010; x_wconf 79' lang='lat' dir='ltr'><strong>primo</strong></span> <span class='ocrx_word' id='word_1_125' title='bbox 1119 969 1243 1000; x_wconf 80' lang='lat' dir='ltr'><strong>horum</strong></span> <span class='ocrx_word' id='word_1_126' title='bbox 1278 968 1426 1007; x_wconf 84' lang='lat' dir='ltr'><strong>ossium,</strong></span> <span class='ocrx_word' id='word_1_127' title='bbox 1459 975 1612 1009; x_wconf 77' lang='lat' dir='ltr'><strong>quartus</strong></span> <span class='ocrx_word' id='word_1_128' title='bbox 1646 967 1833 999; x_wconf 85' lang='lat' dir='ltr'><strong>sustinetur</strong></span> <span class='ocrx_word' id='word_1_129' title='bbox 1858 979 1875 997; x_wconf 89' lang='lat' dir='ltr'><strong>a</strong></span> <span class='ocrx_word' id='word_1_130' title='bbox 1905 980 1963 999; x_wconf 79' lang='lat' dir='ltr'><strong>se-</strong></span> 
     </span>
     <span class='ocr_line' id='line_1_15' title="bbox 273 1022 1965 1070; baseline -0.004 -8"><span class='ocrx_word' id='word_1_131' title='bbox 273 1030 413 1070; x_wconf 79' lang='lat' dir='ltr'><strong>cundo,</strong></span> <span class='ocrx_word' id='word_1_132' title='bbox 438 1030 572 1062; x_wconf 71' lang='lat' dir='ltr'><strong>tertius</strong></span> <span class='ocrx_word' id='word_1_133' title='bbox 597 1027 765 1060; x_wconf 71' lang='lat' dir='ltr'><strong>ambobus</strong></span> <span class='ocrx_word' id='word_1_134' title='bbox 786 1033 854 1059; x_wconf 84' lang='lat' dir='ltr'><strong>tam</strong></span> <span class='ocrx_word' id='word_1_135' title='bbox 878 1023 997 1068; x_wconf 79' lang='lat' dir='ltr'><strong>primo</strong></span> <span class='ocrx_word' id='word_1_136' title='bbox 1030 1036 1133 1068; x_wconf 87' lang='lat' dir='ltr'><strong>quam</strong></span> <span class='ocrx_word' id='word_1_137' title='bbox 1159 1025 1314 1058; x_wconf 69' lang='lat' dir='ltr'><strong>«secundo</strong></span> <span class='ocrx_word' id='word_1_138' title='bbox 1345 1036 1422 1057; x_wconf 83' lang='lat' dir='ltr'><strong>osse</strong></span> <span class='ocrx_word' id='word_1_139' title='bbox 1452 1024 1593 1065; x_wconf 82' lang='lat' dir='ltr'><strong>nititur,</strong></span> <span class='ocrx_word' id='word_1_140' title='bbox 1625 1023 1796 1056; x_wconf 73' lang='lat' dir='ltr'><strong>minimus</strong></span> <span class='ocrx_word' id='word_1_141' title='bbox 1824 1022 1965 1065; x_wconf 80' lang='lat' dir='ltr'><strong>digitus</strong></span> 
     </span>
     <span class='ocr_line' id='line_1_16' title="bbox 276 1085 705 1118; baseline -0.005 0"><span class='ocrx_word' id='word_1_142' title='bbox 276 1087 385 1118; x_wconf 76' lang='lat' dir='ltr'><strong>tertio</strong></span> <span class='ocrx_word' id='word_1_143' title='bbox 408 1085 594 1116; x_wconf 85' lang='lat' dir='ltr'><strong>sustinetur</strong></span> <span class='ocrx_word' id='word_1_144' title='bbox 616 1095 705 1116; x_wconf 80' lang='lat' dir='ltr'><strong>osse.</strong></span> 
     </span>
    </p>

    <p class='ocr_par' dir='ltr' id='par_1_7' title="bbox 275 1135 1964 1297">
     <span class='ocr_line' id='line_1_17' title="bbox 319 1135 1964 1182; baseline -0.004 -9"><span class='ocrx_word' id='word_1_145' title='bbox 319 1142 442 1173; x_wconf 79' lang='lat' dir='ltr'><strong>Forma</strong></span> <span class='ocrx_word' id='word_1_146' title='bbox 465 1141 588 1173; x_wconf 90' lang='lat' dir='ltr'><strong>horum</strong></span> <span class='ocrx_word' id='word_1_147' title='bbox 616 1139 742 1171; x_wconf 78' lang='lat' dir='ltr'><strong>ossium</strong></span> <span class='ocrx_word' id='word_1_148' title='bbox 763 1146 814 1171; x_wconf 89' lang='lat' dir='ltr'><strong>est</strong></span> <span class='ocrx_word' id='word_1_149' title='bbox 834 1138 1103 1182; x_wconf 69' lang='lat' dir='ltr'><strong>subis-regularis.</strong></span> <span class='ocrx_word' id='word_1_150' title='bbox 1149 1139 1304 1173; x_wconf 86' lang='lat' dir='ltr'><strong>Ossicula</strong></span> <span class='ocrx_word' id='word_1_151' title='bbox 1327 1148 1409 1174; x_wconf 85' lang='lat' dir='ltr'><strong>vero</strong></span> <span class='ocrx_word' id='word_1_152' title='bbox 1438 1137 1608 1172; x_wconf 85' lang='lat' dir='ltr'><strong>secundae</strong></span> <span class='ocrx_word' id='word_1_153' title='bbox 1631 1135 1751 1176; x_wconf 86' lang='lat' dir='ltr'><strong>seriei,</strong></span> <span class='ocrx_word' id='word_1_154' title='bbox 1774 1136 1852 1168; x_wconf 88' lang='lat' dir='ltr'><strong>satis</strong></span> <span class='ocrx_word' id='word_1_155' title='bbox 1873 1136 1964 1168; x_wconf 82' lang='lat' dir='ltr'><strong>bene</strong></span> 
     </span>
     <span class='ocr_line' id='line_1_18' title="bbox 275 1191 1961 1239; baseline -0.005 -8"><span class='ocrx_word' id='word_1_156' title='bbox 275 1209 422 1231; x_wconf 84' lang='lat' dir='ltr'><strong>cuneum</strong></span> <span class='ocrx_word' id='word_1_157' title='bbox 454 1197 667 1229; x_wconf 79' lang='lat' dir='ltr'><strong>mentiuntur</strong></span> <span class='ocrx_word' id='word_1_158' title='bbox 682 1218 693 1235; x_wconf 87' lang='lat'>‚</span> <span class='ocrx_word' id='word_1_159' title='bbox 716 1194 810 1226; x_wconf 89' lang='lat' dir='ltr'><strong>unde</strong></span> <span class='ocrx_word' id='word_1_160' title='bbox 832 1195 935 1228; x_wconf 82' lang='lat' dir='ltr'><strong>etiam</strong></span> <span class='ocrx_word' id='word_1_161' title='bbox 959 1196 1071 1239; x_wconf 87' lang='lat' dir='ltr'><strong>prima</strong></span> <span class='ocrx_word' id='word_1_162' title='bbox 1092 1196 1195 1228; x_wconf 89' lang='lat' dir='ltr'><strong>series</strong></span> <span class='ocrx_word' id='word_1_163' title='bbox 1215 1197 1352 1230; x_wconf 87' lang='lat' dir='ltr'><strong>tertiam</strong></span> <span class='ocrx_word' id='word_1_164' title='bbox 1375 1196 1494 1238; x_wconf 83' lang='lat' dir='ltr'><strong>tangit.</strong></span> <span class='ocrx_word' id='word_1_165' title='bbox 1540 1193 1680 1236; x_wconf 85' lang='lat' dir='ltr'><strong>Saepius</strong></span> <span class='ocrx_word' id='word_1_166' title='bbox 1709 1203 1790 1226; x_wconf 82' lang='lat' dir='ltr'><strong>vero</strong></span> <span class='ocrx_word' id='word_1_167' title='bbox 1820 1191 1961 1224; x_wconf 83' lang='lat' dir='ltr'><strong>cartila—</strong></span> 
     </span>
     <span class='ocr_line' id='line_1_19' title="bbox 276 1250 1468 1297; baseline -0.004 -10"><span class='ocrx_word' id='word_1_168' title='bbox 276 1256 353 1297; x_wconf 77' lang='lat' dir='ltr'><strong>gine</strong></span> <span class='ocrx_word' id='word_1_169' title='bbox 376 1255 424 1286; x_wconf 81' lang='lat' dir='ltr'><strong>ita</strong></span> <span class='ocrx_word' id='word_1_170' title='bbox 445 1261 524 1285; x_wconf 86' lang='lat' dir='ltr'><strong>sunt</strong></span> <span class='ocrx_word' id='word_1_171' title='bbox 548 1251 721 1291; x_wconf 83' lang='lat' dir='ltr'><strong>obducta,</strong></span> <span class='ocrx_word' id='word_1_172' title='bbox 744 1258 783 1283; x_wconf 89' lang='lat' dir='ltr'><strong>ut</strong></span> <span class='ocrx_word' id='word_1_173' title='bbox 804 1261 882 1283; x_wconf 83' lang='lat' dir='ltr'><strong>vera</strong></span> <span class='ocrx_word' id='word_1_174' title='bbox 904 1250 1014 1282; x_wconf 77' lang='lat' dir='ltr'><strong>forma</strong></span> <span class='ocrx_word' id='word_1_175' title='bbox 1029 1253 1165 1292; x_wconf 80' lang='lat' dir='ltr'><strong>agnosci</strong></span> <span class='ocrx_word' id='word_1_176' title='bbox 1184 1253 1287 1293; x_wconf 90' lang='lat' dir='ltr'><strong>plane</strong></span> <span class='ocrx_word' id='word_1_177' title='bbox 1307 1259 1468 1294; x_wconf 87' lang='lat' dir='ltr'><strong>nequeat.</strong></span> 
     </span>
    </p>

    <p class='ocr_par' dir='ltr' id='par_1_8' title="bbox 272 1305 1966 1465">
     <span class='ocr_line' id='line_1_20' title="bbox 316 1305 1966 1352; baseline -0.003 -9"><span class='ocrx_word' id='word_1_178' title='bbox 316 1312 554 1352; x_wconf 77' lang='lat' dir='ltr'><strong>Metacarpus</strong></span> <span class='ocrx_word' id='word_1_179' title='bbox 585 1314 731 1352; x_wconf 86' lang='lat' dir='ltr'><strong>quatuor</strong></span> <span class='ocrx_word' id='word_1_180' title='bbox 752 1305 883 1339; x_wconf 85' lang='lat' dir='ltr'><strong>ossibus</strong></span> <span class='ocrx_word' id='word_1_181' title='bbox 907 1313 1040 1339; x_wconf 86' lang='lat' dir='ltr'><strong>constat</strong></span> <span class='ocrx_word' id='word_1_182' title='bbox 1068 1305 1160 1338; x_wconf 82' lang='lat' dir='ltr'><strong>inter</strong></span> <span class='ocrx_word' id='word_1_183' title='bbox 1188 1317 1223 1338; x_wconf 87' lang='lat' dir='ltr'><strong>se</strong></span> <span class='ocrx_word' id='word_1_184' title='bbox 1246 1318 1354 1350; x_wconf 87' lang='lat' dir='ltr'><strong>aeque</strong></span> <span class='ocrx_word' id='word_1_185' title='bbox 1374 1305 1494 1348; x_wconf 81' lang='lat' dir='ltr'><strong>longis.</strong></span> <span class='ocrx_word' id='word_1_186' title='bbox 1540 1305 1664 1337; x_wconf 86' lang='lat' dir='ltr'><strong>Forma</strong></span> <span class='ocrx_word' id='word_1_187' title='bbox 1689 1313 1740 1338; x_wconf 85' lang='lat' dir='ltr'><strong>est</strong></span> <span class='ocrx_word' id='word_1_188' title='bbox 1765 1305 1966 1348; x_wconf 80' lang='lat' dir='ltr'><strong>cylindrica.</strong></span> 
     </span>
     <span class='ocr_line' id='line_1_21' title="bbox 274 1362 1966 1406; baseline -0.003 -7"><span class='ocrx_word' id='word_1_189' title='bbox 274 1366 479 1399; x_wconf 77' lang='lat' dir='ltr'><strong>Extremitas</strong></span> <span class='ocrx_word' id='word_1_190' title='bbox 502 1364 646 1398; x_wconf 87' lang='lat' dir='ltr'><strong>inferior</strong></span> <span class='ocrx_word' id='word_1_191' title='bbox 673 1374 841 1403; x_wconf 86' lang='lat' dir='ltr'><strong>concava,</strong></span> <span class='ocrx_word' id='word_1_192' title='bbox 872 1363 1033 1406; x_wconf 82' lang='lat' dir='ltr'><strong>superior</strong></span> <span class='ocrx_word' id='word_1_193' title='bbox 1065 1374 1217 1398; x_wconf 84' lang='lat' dir='ltr'><strong>convexa</strong></span> <span class='ocrx_word' id='word_1_194' title='bbox 1236 1372 1299 1398; x_wconf 87' lang='lat' dir='ltr'><strong>est.</strong></span> <span class='ocrx_word' id='word_1_195' title='bbox 1344 1362 1542 1406; x_wconf 84' lang='lat' dir='ltr'><strong>Longitudo</strong></span> <span class='ocrx_word' id='word_1_196' title='bbox 1567 1362 1639 1395; x_wconf 89' lang='lat' dir='ltr'><strong>fere</strong></span> <span class='ocrx_word' id='word_1_197' title='bbox 1667 1363 1803 1395; x_wconf 87' lang='lat' dir='ltr'><strong>tertiam</strong></span> <span class='ocrx_word' id='word_1_198' title='bbox 1832 1371 1966 1406; x_wconf 85' lang='lat' dir='ltr'><strong>partem</strong></span> 
     </span>
     <span class='ocr_line' id='line_1_22' title="bbox 272 1419 958 1465; baseline -0.004 -10"><span class='ocrx_word' id='word_1_199' title='bbox 272 1422 499 1465; x_wconf 82' lang='lat' dir='ltr'><strong>longitudinis</strong></span> <span class='ocrx_word' id='word_1_200' title='bbox 519 1422 600 1454; x_wconf 89' lang='lat' dir='ltr'><strong>ossis</strong></span> <span class='ocrx_word' id='word_1_201' title='bbox 620 1420 754 1453; x_wconf 85' lang='lat' dir='ltr'><strong>humeri</strong></span> <span class='ocrx_word' id='word_1_202' title='bbox 780 1419 958 1464; x_wconf 85' lang='lat' dir='ltr'><strong>adaequat.</strong></span> 
     </span>
    </p>

    <p class='ocr_par' dir='ltr' id='par_1_9' title="bbox 274 1476 1967 1748">
     <span class='ocr_line' id='line_1_23' title="bbox 317 1476 1967 1522; baseline -0.003 -10"><span class='ocrx_word' id='word_1_203' title='bbox 317 1478 422 1522; x_wconf 86' lang='lat' dir='ltr'><strong>Quod</strong></span> <span class='ocrx_word' id='word_1_204' title='bbox 442 1478 484 1511; x_wconf 82' lang='lat' dir='ltr'><strong>ad</strong></span> <span class='ocrx_word' id='word_1_205' title='bbox 504 1478 644 1521; x_wconf 81' lang='lat' dir='ltr'><strong>digitos3</strong></span> <span class='ocrx_word' id='word_1_206' title='bbox 660 1477 807 1521; x_wconf 72' lang='lat' dir='ltr'><strong>pollicis</strong></span> <span class='ocrx_word' id='word_1_207' title='bbox 827 1477 1065 1511; x_wconf 84' lang='lat' dir='ltr'><strong>tantummodo</strong></span> <span class='ocrx_word' id='word_1_208' title='bbox 1083 1478 1182 1511; x_wconf 88' lang='lat' dir='ltr'><strong>adest</strong></span> <span class='ocrx_word' id='word_1_209' title='bbox 1197 1478 1444 1512; x_wconf 84' lang='lat' dir='ltr'><strong>rudimentum.</strong></span> <span class='ocrx_word' id='word_1_210' title='bbox 1468 1476 1579 1510; x_wconf 83' lang='lat' dir='ltr'><strong>Duae</strong></span> <span class='ocrx_word' id='word_1_211' title='bbox 1585 1476 1790 1519; x_wconf 71' lang='lat' dir='ltr'><strong>phalanges</strong></span> <span class='ocrx_word' id='word_1_212' title='bbox 1806 1477 1967 1518; x_wconf 85' lang='lat' dir='ltr'><strong>primum</strong></span> 
     </span>
     <span class='ocr_line' id='line_1_24' title="bbox 276 1531 1966 1579; baseline -0.004 -10"><span class='ocrx_word' id='word_1_213' title='bbox 276 1545 310 1569; x_wconf 85' lang='lat' dir='ltr'><strong>et</strong></span> <span class='ocrx_word' id='word_1_214' title='bbox 331 1536 527 1568; x_wconf 78' lang='lat' dir='ltr'><strong>secundum</strong></span> <span class='ocrx_word' id='word_1_215' title='bbox 547 1535 708 1578; x_wconf 77' lang='lat' dir='ltr'><strong>digitum</strong></span> <span class='ocrx_word' id='word_1_216' title='bbox 727 1533 960 1571; x_wconf 82' lang='lat' dir='ltr'><strong>constituunt,</strong></span> <span class='ocrx_word' id='word_1_217' title='bbox 988 1535 1122 1568; x_wconf 79' lang='lat' dir='ltr'><strong>tertius</strong></span> <span class='ocrx_word' id='word_1_218' title='bbox 1136 1547 1216 1570; x_wconf 83' lang='lat' dir='ltr'><strong>vero</strong></span> <span class='ocrx_word' id='word_1_219' title='bbox 1234 1544 1267 1568; x_wconf 92' lang='lat' dir='ltr'><strong>et</strong></span> <span class='ocrx_word' id='word_1_220' title='bbox 1293 1542 1447 1579; x_wconf 78' lang='lat' dir='ltr'><strong>quartus</strong></span> <span class='ocrx_word' id='word_1_221' title='bbox 1467 1534 1608 1577; x_wconf 77' lang='lat' dir='ltr'><strong>digitus</strong></span> <span class='ocrx_word' id='word_1_222' title='bbox 1624 1539 1703 1565; x_wconf 74' lang='lat' dir='ltr'><strong>tres</strong></span> <span class='ocrx_word' id='word_1_223' title='bbox 1723 1531 1852 1564; x_wconf 89' lang='lat' dir='ltr'><strong>habent</strong></span> <span class='ocrx_word' id='word_1_224' title='bbox 1862 1533 1966 1575; x_wconf 73' lang='lat' dir='ltr'><strong>plta-</strong></span> 
     </span>
     <span class='ocr_line' id='line_1_25' title="bbox 277 1589 1964 1635; baseline -0.003 -10"><span class='ocrx_word' id='word_1_225' title='bbox 277 1596 414 1635; x_wconf 76' lang='lat' dir='ltr'><strong>langes.</strong></span> <span class='ocrx_word' id='word_1_226' title='bbox 438 1592 677 1624; x_wconf 72' lang='lat' dir='ltr'><strong>Extremitates</strong></span> <span class='ocrx_word' id='word_1_227' title='bbox 705 1589 926 1634; x_wconf 84' lang='lat' dir='ltr'><strong>phalangium</strong></span> <span class='ocrx_word' id='word_1_228' title='bbox 952 1602 1038 1634; x_wconf 87' lang='lat' dir='ltr'><strong>quae</strong></span> <span class='ocrx_word' id='word_1_229' title='bbox 1058 1603 1136 1624; x_wconf 82' lang='lat' dir='ltr'><strong>cum</strong></span> <span class='ocrx_word' id='word_1_230' title='bbox 1159 1593 1298 1624; x_wconf 81' lang='lat' dir='ltr'><strong>ossibus</strong></span> <span class='ocrx_word' id='word_1_231' title='bbox 1320 1592 1426 1633; x_wconf 80' lang='lat' dir='ltr'><strong>carpi</strong></span> <span class='ocrx_word' id='word_1_232' title='bbox 1450 1591 1708 1632; x_wconf 84' lang='lat' dir='ltr'><strong>conjunguntur</strong></span> <span class='ocrx_word' id='word_1_233' title='bbox 1737 1599 1835 1621; x_wconf 84' lang='lat' dir='ltr'><strong>cavae</strong></span> <span class='ocrx_word' id='word_1_234' title='bbox 1863 1597 1964 1625; x_wconf 84' lang='lat' dir='ltr'><strong>sunt,</strong></span> 
     </span>
     <span class='ocr_line' id='line_1_26' title="bbox 274 1643 1967 1691; baseline -0.004 -9"><span class='ocrx_word' id='word_1_235' title='bbox 274 1648 505 1682; x_wconf 71' lang='lat' dir='ltr'><strong>extremitates</strong></span> <span class='ocrx_word' id='word_1_236' title='bbox 529 1647 722 1691; x_wconf 86' lang='lat' dir='ltr'><strong>superiores</strong></span> <span class='ocrx_word' id='word_1_237' title='bbox 744 1644 935 1689; x_wconf 87' lang='lat' dir='ltr'><strong>capitulum</strong></span> <span class='ocrx_word' id='word_1_238' title='bbox 964 1645 1127 1681; x_wconf 84' lang='lat' dir='ltr'><strong>offerunt.</strong></span> <span class='ocrx_word' id='word_1_239' title='bbox 1174 1648 1314 1690; x_wconf 78' lang='lat' dir='ltr'><strong>Apices</strong></span> <span class='ocrx_word' id='word_1_240' title='bbox 1336 1647 1540 1689; x_wconf 79' lang='lat' dir='ltr'><strong>digitorum</strong></span> <span class='ocrx_word' id='word_1_241' title='bbox 1559 1655 1675 1679; x_wconf 88' lang='lat' dir='ltr'><strong>omnes</strong></span> <span class='ocrx_word' id='word_1_242' title='bbox 1694 1651 1819 1678; x_wconf 83' lang='lat' dir='ltr'><strong>exeunt</strong></span> <span class='ocrx_word' id='word_1_243' title='bbox 1839 1643 1876 1677; x_wconf 87' lang='lat' dir='ltr'><strong>in</strong></span> <span class='ocrx_word' id='word_1_244' title='bbox 1898 1656 1967 1677; x_wconf 81' lang='lat' dir='ltr'><strong>un-</strong></span> 
     </span>
     <span class='ocr_line' id='line_1_27' title="bbox 280 1705 707 1748; baseline -0.007 -9"><span class='ocrx_word' id='word_1_245' title='bbox 280 1705 430 1748; x_wconf 81' lang='lat' dir='ltr'><strong>guiculas</strong></span> <span class='ocrx_word' id='word_1_246' title='bbox 462 1705 707 1747; x_wconf 80' lang='lat' dir='ltr'><strong>cartilagineas.</strong></span> 
     </span>
    </p>
   </div>
   <div class='ocr_carea' id='block_1_3' title="bbox 789 1803 1463 1944">
    <p class='ocr_par' dir='ltr' id='par_1_10' title="bbox 789 1803 1463 1944">
     <span class='ocr_line' id='line_1_28' title="bbox 1070 1803 1182 1845; baseline 0 -10"><span class='ocrx_word' id='word_1_247' title='bbox 1070 1804 1106 1845; x_wconf 82' lang='lat'><strong>§.</strong></span> <span class='ocrx_word' id='word_1_248' title='bbox 1146 1803 1182 1836; x_wconf 78' lang='lat'><strong>4.</strong></span> 
     </span>
     <span class='ocr_line' id='line_1_29' title="bbox 789 1900 1463 1944; baseline -0.001 -11"><span class='ocrx_word' id='word_1_249' title='bbox 789 1900 882 1933; x_wconf 77' lang='lat' dir='ltr'><strong>Ossa</strong></span> <span class='ocrx_word' id='word_1_250' title='bbox 908 1900 1183 1934; x_wconf 75' lang='lat' dir='ltr'><strong>extremitatum</strong></span> <span class='ocrx_word' id='word_1_251' title='bbox 1209 1901 1463 1944; x_wconf 72' lang='lat' dir='ltr'><strong>posteriorum.</strong></span> 
     </span>
    </p>
   </div>
   <div class='ocr_carea' id='block_1_4' title="bbox 327 1997 1965 2047">
    <p class='ocr_par' dir='ltr' id='par_1_11' title="bbox 327 1997 1965 2047">
     <span class='ocr_line' id='line_1_30' title="bbox 327 1997 1965 2047; baseline -0.005 -9"><span class='ocrx_word' id='word_1_252' title='bbox 327 2006 482 2047; x_wconf 83' lang='lat' dir='ltr'><strong>Utraque</strong></span> <span class='ocrx_word' id='word_1_253' title='bbox 496 2001 744 2034; x_wconf 77' lang='lat' dir='ltr'><strong>extremitatum</strong></span> <span class='ocrx_word' id='word_1_254' title='bbox 764 2000 991 2043; x_wconf 88' lang='lat' dir='ltr'><strong>posteriorum</strong></span> <span class='ocrx_word' id='word_1_255' title='bbox 1012 1999 1081 2032; x_wconf 88' lang='lat' dir='ltr'><strong>sive</strong></span> <span class='ocrx_word' id='word_1_256' title='bbox 1099 1998 1302 2033; x_wconf 89' lang='lat' dir='ltr'><strong>inferiorum</strong></span> <span class='ocrx_word' id='word_1_257' title='bbox 1324 2006 1455 2032; x_wconf 85' lang='lat' dir='ltr'><strong>constat</strong></span> <span class='ocrx_word' id='word_1_258' title='bbox 1476 2007 1533 2032; x_wconf 82' lang='lat' dir='ltr'><strong>sex</strong></span> <span class='ocrx_word' id='word_1_259' title='bbox 1550 1997 1729 2042; x_wconf 84' lang='lat' dir='ltr'><strong>partibus,</strong></span> <span class='ocrx_word' id='word_1_260' title='bbox 1752 2008 1828 2031; x_wconf 72' lang='lat' dir='ltr'><strong>osse</strong></span> <span class='ocrx_word' id='word_1_261' title='bbox 1842 1997 1965 2039; x_wconf 81' lang='lat' dir='ltr'><strong>jemo-</strong></span> 
     </span>
    </p>
   </div>
   <div class='ocr_carea' id='block_1_5' title="bbox 287 2056 1968 2140">
    <p class='ocr_par' dir='ltr' id='par_1_12' title="bbox 287 2056 1968 2140">
     <span class='ocr_line' id='line_1_31' title="bbox 287 2056 1272 2102; baseline -0.007 -6"><span class='ocrx_word' id='word_1_262' title='bbox 287 2064 360 2102; x_wconf 82' lang='lat' dir='ltr'><strong>ris,</strong></span> <span class='ocrx_word' id='word_1_263' title='bbox 387 2060 478 2094; x_wconf 72' lang='lat' dir='ltr'><strong>tibici</strong></span> <span class='ocrx_word' id='word_1_264' title='bbox 496 2068 530 2091; x_wconf 84' lang='lat' dir='ltr'><strong>et</strong></span> <span class='ocrx_word' id='word_1_265' title='bbox 541 2056 686 2101; x_wconf 64' lang='lat' dir='ltr'><strong>fibuM,</strong></span> <span class='ocrx_word' id='word_1_266' title='bbox 712 2063 811 2090; x_wconf 69' lang='lat' dir='ltr'><strong>tarso</strong></span> <span class='ocrx_word' id='word_1_267' title='bbox 824 2080 834 2098; x_wconf 95' lang='lat'>,</span> <span class='ocrx_word' id='word_1_268' title='bbox 854 2064 1053 2091; x_wconf 70' lang='lat' dir='ltr'><strong>metatarso</strong></span> <span class='ocrx_word' id='word_1_269' title='bbox 1077 2064 1111 2090; x_wconf 84' lang='lat' dir='ltr'><strong>et</strong></span> <span class='ocrx_word' id='word_1_270' title='bbox 1131 2056 1272 2099; x_wconf 76' lang='lat' dir='ltr'><strong>digitis.</strong></span> 
     </span>
     <span class='ocr_line' id='line_1_32' title="bbox 1919 2109 1968 2140; baseline 0 0"><span class='ocrx_word' id='word_1_271' title='bbox 1919 2109 1968 2140; x_wconf 65' lang='lat'><strong>03</strong></span> 
     </span>
    </p>
   </div>
   <div class='ocr_carea' id='block_1_6' title="bbox 272 2199 1968 2435">
    <p class='ocr_par' dir='ltr' id='par_1_13' title="bbox 287 2199 1968 2340">
     <span class='ocr_line' id='line_1_33' title="bbox 325 2199 1968 2245; baseline -0.004 -9"><span class='ocrx_word' id='word_1_272' title='bbox 325 2213 334 2245; x_wconf 86' lang='lat'>(</span> <span class='ocrx_word' id='word_1_273' title='bbox 348 2210 380 2242; x_wconf 74' lang='grc' dir='ltr'><strong>ι)</strong></span> <span class='ocrx_word' id='word_1_274' title='bbox 407 2208 494 2235; x_wconf 81' lang='lat' dir='ltr'><strong>Minus</strong></span> <span class='ocrx_word' id='word_1_275' title='bbox 512 2212 579 2232; x_wconf 81' lang='lat' dir='ltr'><strong>recte</strong></span> <span class='ocrx_word' id='word_1_276' title='bbox 603 2206 683 2233; x_wconf 87' lang='lat' dir='ltr'><strong>Cuvi</strong></span> <span class='ocrx_word' id='word_1_277' title='bbox 694 2214 771 2232; x_wconf 79' lang='lat' dir='ltr'><strong>erus</strong></span> <span class='ocrx_word' id='word_1_278' title='bbox 785 2204 852 2231; x_wconf 85' lang='lat' dir='ltr'><strong>mihi</strong></span> <span class='ocrx_word' id='word_1_279' title='bbox 867 2204 961 2232; x_wconf 81' lang='lat' dir='ltr'><strong>dixisse</strong></span> <span class='ocrx_word' id='word_1_280' title='bbox 976 2205 1087 2232; x_wconf 76' lang='lat' dir='ltr'><strong>videtur.</strong></span> <span class='ocrx_word' id='word_1_281' title='bbox 1112 2205 1171 2233; x_wconf 75' lang='lat' dir='ltr'><strong>Lec.</strong></span> <span class='ocrx_word' id='word_1_282' title='bbox 1193 2205 1217 2232; x_wconf 84' lang='lat' dir='ltr'><strong>d&#39;</strong></span> <span class='ocrx_word' id='word_1_283' title='bbox 1234 2205 1264 2232; x_wconf 85' lang='lat' dir='ltr'><strong>A·</strong></span> <span class='ocrx_word' id='word_1_284' title='bbox 1280 2203 1310 2232; x_wconf 87' lang='lat' dir='ltr'><strong>C·</strong></span> <span class='ocrx_word' id='word_1_285' title='bbox 1329 2212 1348 2234; x_wconf 94' lang='lat' dir='ltr'><strong>t.</strong></span> <span class='ocrx_word' id='word_1_286' title='bbox 1359 2205 1380 2233; x_wconf 83' lang='grc' dir='ltr'><strong>Ι.</strong></span> <span class='ocrx_word' id='word_1_287' title='bbox 1397 2213 1422 2240; x_wconf 82' lang='lat' dir='ltr'><strong>p-</strong></span> <span class='ocrx_word' id='word_1_288' title='bbox 1438 2213 1487 2240; x_wconf 80' lang='lat'><strong>29:</strong></span> <span class='ocrx_word' id='word_1_289' title='bbox 1524 2205 1565 2230; x_wconf 85' lang='lat' dir='ltr'><strong>On</strong></span> <span class='ocrx_word' id='word_1_290' title='bbox 1578 2202 1636 2228; x_wconf 69' lang='lat' dir='ltr'><strong>voit</strong></span> <span class='ocrx_word' id='word_1_291' title='bbox 1648 2209 1708 2228; x_wconf 60' lang='lat' dir='ltr'><strong>veh?</strong></span> <span class='ocrx_word' id='word_1_292' title='bbox 1723 2201 1748 2226; x_wconf 75' lang='lat' dir='ltr'><strong>le</strong></span> <span class='ocrx_word' id='word_1_293' title='bbox 1761 2201 1811 2227; x_wconf 66' lang='lat' dir='ltr'><strong>bas</strong></span> <span class='ocrx_word' id='word_1_294' title='bbox 1827 2199 1918 2235; x_wconf 68' lang='lat' dir='ltr'><strong>elargi</strong></span> <span class='ocrx_word' id='word_1_295' title='bbox 1934 2201 1968 2226; x_wconf 70' lang='lat' dir='ltr'><strong>de</strong></span> 
     </span>
     <span class='ocr_line' id='line_1_34' title="bbox 289 2247 1965 2289; baseline -0.007 -5"><span class='ocrx_word' id='word_1_296' title='bbox 289 2264 331 2285; x_wconf 72' lang='lat' dir='ltr'><strong>cet</strong></span> <span class='ocrx_word' id='word_1_297' title='bbox 346 2267 374 2282; x_wconf 78' lang='lat' dir='ltr'><strong>os</strong></span> <span class='ocrx_word' id='word_1_298' title='bbox 385 2278 391 2289; x_wconf 71' lang='lat'>⁷</span> <span class='ocrx_word' id='word_1_299' title='bbox 407 2266 443 2281; x_wconf 85' lang='lat' dir='ltr'><strong>un</strong></span> <span class='ocrx_word' id='word_1_300' title='bbox 459 2256 543 2280; x_wconf 73' lang='lat' dir='ltr'><strong>sillon</strong></span> <span class='ocrx_word' id='word_1_301' title='bbox 559 2256 592 2280; x_wconf 84' lang='lat' dir='ltr'><strong>de</strong></span> <span class='ocrx_word' id='word_1_302' title='bbox 606 2255 711 2289; x_wconf 74' lang='lat' dir='ltr'><strong>chaque</strong></span> <span class='ocrx_word' id='word_1_303' title='bbox 721 2257 801 2285; x_wconf 77' lang='lat' dir='ltr'><strong>cote&#39;,·</strong></span> <span class='ocrx_word' id='word_1_304' title='bbox 819 2253 874 2280; x_wconf 82' lang='lat' dir='ltr'><strong>seul</strong></span> <span class='ocrx_word' id='word_1_305' title='bbox 889 2256 993 2289; x_wconf 63' lang='lat' dir='ltr'><strong>vestiga</strong></span> <span class='ocrx_word' id='word_1_306' title='bbox 1011 2255 1094 2282; x_wconf 76' lang='lat' dir='ltr'><strong>d&#39;une</strong></span> <span class='ocrx_word' id='word_1_307' title='bbox 1109 2255 1272 2280; x_wconf 75' lang='lat' dir='ltr'><strong>distinction</strong></span> <span class='ocrx_word' id='word_1_308' title='bbox 1287 2263 1320 2281; x_wconf 83' lang='lat' dir='ltr'><strong>en</strong></span> <span class='ocrx_word' id='word_1_309' title='bbox 1330 2254 1400 2280; x_wconf 80' lang='lat' dir='ltr'><strong>deux</strong></span> <span class='ocrx_word' id='word_1_310' title='bbox 1415 2262 1455 2280; x_wconf 76' lang='lat' dir='ltr'><strong>os.</strong></span> <span class='ocrx_word' id='word_1_311' title='bbox 1483 2251 1506 2278; x_wconf 83' lang='lat' dir='ltr'>E</span> <span class='ocrx_word' id='word_1_312' title='bbox 1517 2250 1629 2277; x_wconf 86' lang='lat' dir='ltr'><strong>sectione</strong></span> <span class='ocrx_word' id='word_1_313' title='bbox 1645 2247 1787 2275; x_wconf 67' lang='lat' dir='ltr'><strong>transversa</strong></span> <span class='ocrx_word' id='word_1_314' title='bbox 1803 2247 1871 2273; x_wconf 87' lang='lat' dir='ltr'><strong>enim</strong></span> <span class='ocrx_word' id='word_1_315' title='bbox 1885 2248 1965 2281; x_wconf 72' lang='lat' dir='ltr'><strong>ossis,</strong></span> 
     </span>
     <span class='ocr_line' id='line_1_35' title="bbox 287 2300 1315 2340; baseline -0.003 -9"><span class='ocrx_word' id='word_1_316' title='bbox 287 2306 374 2340; x_wconf 80' lang='lat' dir='ltr'><strong>plum</strong></span> <span class='ocrx_word' id='word_1_317' title='bbox 389 2302 495 2335; x_wconf 76' lang='lat' dir='ltr'><strong>vestigia</strong></span> <span class='ocrx_word' id='word_1_318' title='bbox 509 2300 603 2334; x_wconf 80' lang='lat' dir='ltr'><strong>illaque</strong></span> <span class='ocrx_word' id='word_1_319' title='bbox 620 2301 729 2327; x_wconf 78' lang='lat' dir='ltr'><strong>clariora</strong></span> <span class='ocrx_word' id='word_1_320' title='bbox 742 2301 843 2327; x_wconf 77' lang='lat' dir='ltr'><strong>obviam</strong></span> <span class='ocrx_word' id='word_1_321' title='bbox 857 2303 971 2329; x_wconf 77' lang='lat' dir='ltr'><strong>veniunt.</strong></span> <span class='ocrx_word' id='word_1_322' title='bbox 1314 2335 1315 2339; x_wconf 15' lang='grc' dir='ltr'><strong>Ἰ</strong></span> 
     </span>
    </p>

    <p class='ocr_par' dir='ltr' id='par_1_14' title="bbox 272 2342 1966 2435">
     <span class='ocr_line' id='line_1_36' title="bbox 272 2342 1966 2386; baseline -0.005 -10"><span class='ocrx_word' id='word_1_323' title='bbox 272 2349 275 2350; x_wconf 66' lang='grc'>’</span> <span class='ocrx_word' id='word_1_324' title='bbox 327 2351 381 2386; x_wconf 77' lang='grc'><strong>(2)</strong></span> <span class='ocrx_word' id='word_1_325' title='bbox 397 2350 482 2383; x_wconf 79' lang='lat' dir='ltr'><strong>Voyez</strong></span> <span class='ocrx_word' id='word_1_326' title='bbox 500 2348 523 2374; x_wconf 93' lang='lat' dir='ltr'><em>D</em></span> <span class='ocrx_word' id='word_1_327' title='bbox 533 2358 545 2374; x_wconf 81' lang='lat' dir='ltr'><strong>e</strong></span> <span class='ocrx_word' id='word_1_328' title='bbox 564 2348 674 2375; x_wconf 82' lang='lat' dir='ltr'><strong>Cando</strong></span> <span class='ocrx_word' id='word_1_329' title='bbox 684 2348 730 2376; x_wconf 86' lang='lat' dir='ltr'><strong>lle</strong></span> <span class='ocrx_word' id='word_1_330' title='bbox 749 2349 849 2378; x_wconf 77' lang='lat' dir='ltr'><strong>theorie</strong></span> <span class='ocrx_word' id='word_1_331' title='bbox 865 2349 950 2378; x_wconf 86' lang='lat' dir='ltr'><strong>Elem.</strong></span> <span class='ocrx_word' id='word_1_332' title='bbox 965 2349 995 2377; x_wconf 83' lang='lat' dir='ltr'><strong>de</strong></span> <span class='ocrx_word' id='word_1_333' title='bbox 1009 2349 1035 2377; x_wconf 77' lang='lat' dir='ltr'><strong>la</strong></span> <span class='ocrx_word' id='word_1_334' title='bbox 1048 2349 1202 2385; x_wconf 74' lang='lat' dir='ltr'><strong>botanique‘,</strong></span> <span class='ocrx_word' id='word_1_335' title='bbox 1217 2354 1299 2377; x_wconf 84' lang='lat' dir='ltr'><strong>totum</strong></span> <span class='ocrx_word' id='word_1_336' title='bbox 1314 2347 1423 2375; x_wconf 81' lang='lat' dir='ltr'><strong>Librum</strong></span> <span class='ocrx_word' id='word_1_337' title='bbox 1431 2344 1480 2376; x_wconf 88' lang='lat'><strong>111.</strong></span> <span class='ocrx_word' id='word_1_338' title='bbox 1495 2344 1539 2373; x_wconf 83' lang='lat' dir='ltr'><strong>ubi</strong></span> <span class='ocrx_word' id='word_1_339' title='bbox 1553 2344 1606 2379; x_wconf 78' lang='lat' dir='ltr'><strong>agit</strong></span> <span class='ocrx_word' id='word_1_340' title='bbox 1620 2343 1667 2372; x_wconf 80' lang='lat' dir='ltr'><strong>de:</strong></span> <span class='ocrx_word' id='word_1_341' title='bbox 1681 2343 1789 2372; x_wconf 66' lang='lat' dir='ltr'><strong>theorie</strong></span> <span class='ocrx_word' id='word_1_342' title='bbox 1801 2343 1834 2372; x_wconf 68' lang='lat' dir='ltr'><strong>de</strong></span> <span class='ocrx_word' id='word_1_343' title='bbox 1847 2343 1878 2372; x_wconf 78' lang='lat' dir='ltr'><strong>la</strong></span> <span class='ocrx_word' id='word_1_344' title='bbox 1892 2342 1966 2370; x_wconf 72' lang='lat' dir='ltr'><strong>clas-</strong></span> 
     </span>
     <span class='ocr_line' id='line_1_37' title="bbox 286 2396 591 2435; baseline -0.007 -9"><span class='ocrx_word' id='word_1_345' title='bbox 286 2400 428 2435; x_wconf 72' lang='lat' dir='ltr'><strong>szflcation</strong></span> <span class='ocrx_word' id='word_1_346' title='bbox 444 2396 591 2424; x_wconf 74' lang='lat' dir='ltr'><strong>natutelle.</strong></span> 
     </span>
    </p>
   </div>
  </div>
 </body>
</html>
