2080 2744
438 181 790 233 COMMENTAT'to
817 199 868 224 An
891 182 1234 234 QUAEs'rtoNEM
1259 185 1586 222 zooLonAM.
1823 194 1864 236 59

178 297 277 332 basin
303 290 454 327 tibialem
482 287 563 322 ossis
589 285 683 327 longi
709 284 793 316 tarsi
820 281 953 323 tendit,
976 280 1062 313 alter
1093 279 1242 313 exterior
1266 279 1379 312 eidem
1399 280 1464 313 ossi
1486 281 1590 323 magis
1621 287 1760 314 externe
1794 294 1858 314 an-

175 353 334 388 nectitur.

219 410 273 442 M.
306 402 454 438 Gemelli
476 411 631 444 mmores
655 410 761 446 unum
791 404 922 429 tantum
947 402 1103 427 ventrem
1127 393 1266 426 hahent.
1308 392 1469 426 Tendine
1491 405 1598 437 parvo
1621 394 1719 427 lateri
1741 403 1857 428 exter-

178 473 223 498 no
243 458 346 496 tibiae
368 457 565 492 annectitur
579 481 589 493 ‚
614 455 721 488 tendo
747 454 856 495 major
885 464 927 485 ex
945 459 1065 485 ventre
1089 451 1164 495 ipso
1186 449 1354 483 oriundus
1376 462 1480 494 super
1503 458 1629 483 tarsum
1648 452 1806 496 prorepit
1829 460 1862 483 et

178 518 347 555 evanescit
369 517 431 548 sub
456 513 573 558 planta
598 511 696 556 pedis
712 536 721 549 ‚
745 510 805 542 ubi
825 509 950 542 format
976 508 1203 552 aponeurosin
1225 507 1433 551 plantarum.

220 576 275 610 M.
309 571 464 607 Tibialis
477 570 662 612 posterior
689 567 781 599 infra
804 564 1073 598 articulatiouem
1095 565 1147 597 vel
1172 564 1284 608 potius
1312 564 1634 607 conglutinationem
1655 565 1759 597 tibiae
1784 577 1861 598 cum

179 631 286 666 fibula
304 630 432 664 oritur,
457 626 590 670 ossique
610 624 755 666 longiori
776 623 913 655 interno
933 621 1015 654 tarsi
1039 621 1205 664 jungitur.

220 687 274 721 Μ.
298 683 492 718 Peronalis
518 684 643 724 longus
673 693 690 713 e
712 679 852 712 tendine
871 681 981 712 oritur
1000 677 1142 721 gracili,
1166 677 1314 722 condylo
1331 685 1474 712 externo
1492 679 1629 712 femoris
1651 679 1860 712 adhaerente

178 752 213 777 et
237 741 403 775 inseritur
425 739 499 771 basi
529 738 631 770 tibiae
654 744 818 773 externe,
841 734 973 768 dua-bus
997 735 1267 769 extremitatibus
1296 735 1508 778 tendinosis‚
1534 747 1678 780 quarum
1705 748 1773 768 una
1797 748 1859 768 ex-

178 798 330 834 tenditur
352 808 460 841 usque
481 795 526 827 ad
549 806 584 826 os
608 793 699 826 tarsi.

217 856 272 888 M.
301 854 484 886 Extensor
516 852 629 883 brevis
659 849 856 881 communis
888 848 1089 889 digitorum
1111 850 1233 892 pedis.
1292 850 1481 882 Distinctus
1513 849 1630 890 adest3
1666 848 1862 881 annectitur

175 909 238 944 toti
262 905 468 949 longitudini
502 905 582 937 ossis
611 905 743 936 externi
772 903 852 935 tarsi
884 911 918 934 et
947 903 1062 934 tendit
1092 904 1232 948 oblique
1257 917 1365 949 usque
1402 906 1445 938 ad
1475 914 1622 949 quatuor
1654 904 1775 946 digitos
1799 905 1859 935 in-

176 974 230 999 ter
256 963 420 1008 pollicem
440 969 474 994 et
491 960 647 993 ultimum
665 959 808 1002 digitum
832 959 1096 1004 comprehensos
1121 968 1155 992 et
1175 960 1377 993 terminatur
1404 963 1442 994 in
1468 962 1598 993 ultimis
1625 972 1743 993 eorum
1769 961 1860 1005 pha-

173 1020 342 1064 langibus.

220 1078 273 1110 M.
308 1077 442 1109 Flexor
470 1074 666 1106 communis
691 1072 895 1115 digitorum
917 1070 980 1103 sub
1006 1069 1159 1113 longiore
1180 1082 1252 1104 osse
1280 1073 1360 1105 tarsi
1382 1074 1513 1115 positus
1542 1081 1592 1105 est
1608 1096 1617 1113 ‚
1641 1074 1776 1105 interne
1799 1075 1864 1105 sub

176 1131 381 1178 aponeurosi
411 1142 459 1163 m.
478 1129 742 1174 gastrocnemii
753 1142 770 1168 ,·
803 1139 910 1172 quum
943 1126 986 1160 ad
1014 1127 1158 1161 ossicula
1183 1128 1265 1161 tarsi
1291 1128 1427 1161 transiit
1456 1128 1494 1160 in
1528 1129 1681 1173 quinque
1707 1129 1864 1162 tendines

176 1186 425 1222 subdividitur.

180 1276 181 1279 ,
219 1245 273 1277 Μ.
290 1243 496 1276 Interes-sei
510 1243 717 1283 superiore-5
743 1241 870 1270 adsunt
893 1248 928 1268 et
947 1240 1152 1279 inferiores.
1200 1240 1353 1282 Oblique
1385 1240 1558 1283 tendunt3
1579 1242 1765 1275 insertione
1788 1254 1864 1276 cum

179 1299 318 1333 homine
341 1298 420 1330 satis
440 1295 659 1329 conveniunt.

218 1354 400 1388 Praeterea
427 1352 639 1385 Cuvierus
660 1358 728 1383 tres
748 1348 917 1383 musculos
939 1359 1114 1383 enumerat
1133 1362 1280 1396 quorum
1301 1354 1454 1396 analogia
1473 1364 1543 1386 non
1562 1361 1705 1387 constat.

219 1413 271 1445 1⁰-
300 1410 492 1443 Masculus
510 1409 733 1440 accessorius
750 1407 887 1439 tibialis
909 1407 1119 1439 anterioris.
1165 1408 1195 1439 A
1216 1408 1330 1441 medio
1350 1410 1457 1442 oritur
1479 1411 1559 1443 ossis
1584 1411 1706 1448 tibiae,
1726 1420 1760 1444 et
1785 1419 1863 1445 ten-

178 1467 233 1502 dit
249 1477 357 1510 usque
379 1465 423 1496 ad
443 1472 578 1509 partem
599 1464 773 1495 internam
788 1462 904 1495 baseos
926 1461 1019 1504 longi
1042 1463 1122 1494 ossis
1150 1465 1228 1496 tarsi
1252 1466 1312 1497 ubi
1335 1466 1513 1500 inseritur.

221 1529 269 1555 20.
299 1521 489 1553 M'usculue
518 1521 578 1565 qui
605 1520 697 1553 venit
716 1520 851 1552 interne
871 1518 916 1552 ab
943 1520 1173 1553 extremitate
1197 1523 1364 1555 tat—sicma
1388 1523 1446 1566 (ut
1470 1523 1518 1555 ita
1539 1521 1675 1566 dicam)
1701 1524 1810 1556 tibiae
1832 1533 1864 1556 et

175 1590 242 1623 per
259 1578 344 1610 duos
357 1584 494 1608 ventres
509 1577 635 1609 tibiaei
647 1577 844 1608 anterioris
867 1577 1008 1616 transit,
1033 1576 1240 1620 tandemque
1265 1578 1404 1621 oblique
1429 1579 1574 1611 tendens
1588 1580 1781 1612 annectitur
1802 1593 1865 1614 ex-

178 1631 343 1668 tremitati
362 1630 495 1673 digitali
518 1631 612 1673 longi
629 1631 710 1663 ossis
732 1632 812 1663 tarsi
838 1631 876 1662 in
897 1630 1001 1663 latere
1021 1631 1169 1664 interno.

219 1691 269 1725 5⁰-
291 1690 425 1723 Flexor
447 1688 575 1730 longus
601 1687 738 1720 interne
764 1688 895 1732 positus
925 1696 976 1720 est
1007 1689 1071 1720 sub
1104 1689 1206 1731 longo
1243 1701 1315 1723 osse
1346 1692 1450 1732 tarsi,
1484 1691 1627 1724 fibrillas
1661 1694 1866 1727 musculosas

178 1745 324 1783 emittit,
361 1756 448 1789 quae
471 1743 667 1786 superficiei
687 1744 844 1777 internae
874 1744 1075 1787 tendinum,
1107 1757 1125 1778 e
1150 1747 1293 1789 flexore
1317 1749 1494 1780 communi
1517 1749 1718 1792 digitorum
1739 1751 1862 1784 oriun-

178 1804 302 1836 dorum
324 1807 569 1834 annectuntur.

221 1858 359 1903 Reliqui
382 1857 545 1897 musculi,
568 1857 605 1889 in
624 1856 762 1889 homine
781 1857 981 1890 inveniendi
1002 1859 1128 1892 desunt
1149 1872 1178 1893 e.
1204 1872 1234 1902 g.
1253 1872 1461 1903 peronaeus
1497 1861 1610 1895 brevis
1638 1871 1672 1896 et
1704 1865 1842 1898 medius

181 1916 359 1948 musculus
376 1914 582 1958 Flammis,
607 1921 776 1948 extensor
797 1916 927 1958 longus
946 1917 1087 1959 pollicis
1111 1923 1146 1951 et
1171 1917 1381 1959 digitorum.
1406 1927 1473 1954 etc.
1853 1891 1862 1904 ³

992 2099 1050 2159 Q

1722 2359 1858 2394 ΗΕΒ,-
