2080 2744
202 201 243 235 49
604 196 647 228 H.
735 194 779 228 L.·
864 200 985 228 *AN
1072 193 1499 234 ALTENA.

291 435 700 494 DERMotoeiA,
742 438 1275 490 SPLA'NCHNOLOGIA
1309 453 1487 489 VITAE
1522 424 1834 492 ANtMAms*

759 525 828 558 ET
856 524 1346 569 NenaoLoe1A(1).

207 649 275 699 De
299 669 374 695 cute
397 662 434 693 in
458 660 578 693 eadem
599 659 764 693 divisione
790 669 868 691 cum
890 657 1046 690 sensibus
1060 681 1070 699 ,
1094 670 1171 691 cum
1195 658 1309 691 nervis
1335 667 1436 702 atque
1459 668 1576 693 centro
1597 668 1741 694 nervoso
1770 670 1888 703 agere,

209 730 345 751 necesse
365 717 463 750 nobis
478 717 670 750 videbatur.
718 715 814 747 Cutis
834 715 927 747 enim
947 714 1043 748 sedes
1068 724 1117 748 est
1143 723 1249 748 tactus
1274 715 1473 747 communis.
1519 715 1645 747 Sensus
1668 723 1814 758 quatuor
1831 727 1892 749 re-

208 774 297 818 liqui
322 773 409 806 nihil
436 782 515 805 sunt
540 773 606 805 nisi
628 772 713 804 cutis
737 771 944 804 evolutiones
965 780 998 804 et
1016 772 1257 815 perfectiones.
1277 782 1281 783 ⁷
1303 771 1391 804 Cum
1410 771 1566 803 sensibus
1589 781 1670 804 vero
1690 771 1787 805 nervi
1807 772 1894 804 ceti-

209 840 370 875 trumque
394 841 576 863 nervorum
602 838 670 862 tam
692 837 784 861 arcte
809 828 1016 869 cohaerent,
1033 836 1072 860 ut
1093 839 1163 860 non
1183 827 1250 860 nisi
1269 828 1306 861 in
1324 839 1393 860 uno
1418 827 1605 872 eodemque
1622 827 1734 872 capite
1756 826 1892 862 descri-

208 888 244 919 bi
264 888 406 930 possint.
432 905 474 913 -—
496 886 528 919 A
549 893 625 919 cute
641 884 745 927 igitur
765 883 1013 928 incipiendum.

1000 985 1037 1024 ς.
1083 993 1112 1014 1.

884 1066 988 1099 Cutis
1023 1072 1060 1098 et
1090 1072 1222 1099 tactas.

255 1168 360 1202 Cutis
383 1168 419 1198 in
433 1163 643 1202 Batraehiis‚
667 1163 754 1195 sicut
766 1164 802 1195 in
823 1163 979 1195 omnibus
998 1164 1200 1197 vertebratis
1224 1162 1376 1196 dermate
1400 1169 1530 1196 constat
1543 1186 1553 1204 ,
1576 1162 1721 1197 reticula
1739 1163 1898 1198 vascula-'³

208 1226 258 1262 ri,
285 1224 477 1268 pigmento,
502 1219 638 1263 papillis
663 1220 830 1255 nervosis,
851 1219 1087 1264 epidermide,
1112 1219 1240 1263 cryptis
1264 1220 1312 1261 (2
1330 1220 1361 1261 >-

250 1282 375 1312 Derma
397 1277 545 1310 crassitie
564 1275 642 1307 satis
665 1275 786 1315 magna
808 1274 1004 1316 praeditum
1028 1280 1098 1313 est,
1121 1274 1290 1315 spissitate
1315 1282 1384 1304 non
1412 1275 1458 1305 ita
1474 1275 1608 1315 gaudet.
1652 1276 1738 1308 Tela
1764 1284 1896 1310 constat

207 1337 349 1369 fibrosa.

250 1390 405 1424 Reticula
434 1385 615 1423 vascularis
650 1398 751 1430 quam
777 1387 922 1419 maxime
950 1393 999 1418 est
1030 1384 1180 1422 evoluta,
1206 1393 1308 1428 atque
1332 1385 1390 1417 hic
1413 1384 1483 1419 illic
1504 1397 1626 1428 magna
1657 1387 1796 1419 omnino
1817 1398 1894 1422 vasa

208 1455 373 1481 CODtlnet·

251 1508 486 1550 pigmentum,
512 1500 622 1545 (quod
647 1512 664 1532 e
680 1498 761 1536 vivis
783 1497 976 1541 lucidisque
999 1497 1116 1529 Ranae
1138 1507 1169 1529 v.
1186 1507 1216 1528 c.
1240 1496 1431 1530 esculentae
1454 1496 1624 1529 coloribus
1646 1497 1716 1539 jam
1737 1497 1894 1541 cogitan-

212 1563 295 1595 dum
320 1560 415 1603 erat)
441 1569 587 1590 crassum
610 1565 682 1594 est,
705 1554 863 1599 inprimis
886 1554 921 1585 in
944 1555 1092 1596 superna
1115 1553 1309 1596 superficie.

251 1616 464 1661 Papillorum
492 1622 712 1643 nervosorum
743 1608 958 1653 superficies,
984 1608 1037 1640 vel
1063 1609 1176 1652 potius
1206 1618 1390 1640 nervorum
1417 1607 1673 1648 extremitates,
1705 1607 1898 1642 insensibili

212 1672 312 1706 modo
328 1683 389 1716 per
405 1676 511 1701 totam
524 1665 742 1709 superficiem
759 1663 923 1708 pigmenti
944 1661 1141 1706 explanatae
1152 1687 1161 1698 ‚
1175 1673 1245 1693 11011
1266 1661 1406 1705 quidem
1422 1662 1506 1695 visui
1524 1674 1595 1695 sese
1614 1662 1762 1696 offerunt
1785 1665 1895 1708 (quod

210 1739 276 1760 1100
301 1727 338 1757 in
361 1723 521 1759 homine,
547 1733 610 1754 nec
632 1722 669 1753 in
691 1720 761 1753 ullo
782 1717 919 1752 animali
947 1716 1061 1749 locum
1082 1716 1212 1758 habet)
1245 1715 1304 1748 sed
1328 1724 1439 1748 tamen
1463 1717 1625 1749 maximae
1648 1730 1717 1752 esse
1744 1719 1895 1763 debent,

211 1783 291 1826 quia
315 1794 332 1812 a
355 1791 455 1824 quam
474 1777 631 1823 plurimis
648 1777 759 1809 nervis
774 1772 1035 1812 formantur‚in
1055 1780 1170 1804 cutem
1182 1773 1399 1804 exeuntibus.
1428 1773 1554 1805 Hocin
1578 1773 1679 1806 dorso
1699 1774 1741 1807 ad
1755 1784 1894 1809 utrum-

212 1850 277 1883 que
306 1837 415 1867 lineae
441 1832 618 1865 medianae
649 1831 736 1863 latus
765 1831 896 1872 egregie
919 1837 1076 1873 apparet.
1123 1827 1319 1870 Epidertnis
1348 1838 1485 1859 mucoso
1508 1836 1638 1861 constat
1666 1831 1849 1871 velamine,
1875 1844 1894 1865 e

209 1894 342 1938 cryptis
368 1890 586 1935 profluente,
614 1887 706 1931 quod
729 1888 766 1919 in
787 1888 944 1919 omnibns
969 1883 1144 1929 speciebus
1158 1907 1167 1920 ,
1191 1883 1227 1916 ir.
1245 1883 1365 1926 primis
1391 1890 1503 1916 autem
1520 1883 1557 1916 in
1578 1884 1673 1918 Rana
1695 1886 1867 1921 esculenta
1881 1913 1893 1931 ‚

208 1953 245 1985 in
269 1950 340 1983 dies
365 1947 462 1982 avelli
484 1954 612 1990 potest·

1825 2001 1895 2034 Su-

246 2098 299 2134 (1)
327 2098 364 2123 Ad
378 2102 460 2122 totum
475 2095 552 2120 hocce
566 2099 641 2127 caput
663 2093 697 2122 cf.
715 2093 894 2126 Ducrotay
913 2091 948 2117 de
967 2091 1090 2117 Blainv
1101 2089 1175 2116 ille:
1198 2090 1227 2116 de
1240 2090 1434 2123 rorganisazion
1455 2091 1497 2117 des
1517 2091 1635 2117 animaux
1655 2092 1685 2120 T.
1698 2092 1720 2120 1.

246 2145 300 2181 (2)
329 2143 401 2170 Cons.
422 2141 523 2168 Wilh.
542 2140 782 2174 Cruikshank,
804 2140 973 2174 Abhandlung
996 2139 1058 2164 iiber
1080 2138 1121 2163 die
1138 2137 1314 2163 unmerkliche
1331 2138 1519 2171 Ausdunstung.
1542 2139 1572 2165 A.
1592 2138 1616 2165 d.
1634 2139 1697 2172 Eng.
1715 2138 1801 2172 Leips.
1818 2140 1892 2173 1798·

210 2195 246 2221 G.
265 2195 285 2219 A
300 2193 334 2219 ,G
346 2201 382 2217 au
393 2197 402 2216 t
413 2191 420 2215 i
432 2199 480 2223 er,
501 2188 662 2214 Recherehes
678 2197 722 2213 sur
740 2188 934 2221 l'organisation
950 2188 980 2213 de
998 2188 1022 2212 la
1037 2194 1101 2220 pean
1121 2191 1170 2211 etc,
1189 2184 1261 2209 Paris
1278 2186 1349 2218 1809.
1385 2184 1433 2209 Du
1444 2190 1474 2209 tr
1485 2183 1544 2209 och
1555 2190 1586 2209 et
1607 2184 1785 2210 Observations
1804 2193 1847 2210 sur
1866 2185 1891 2211 la

209 2244 335 2265 structure
352 2236 415 2262 dela
434 2245 507 2269 penu.
524 2235 617 2262 Journ.
637 2234 786 2267 Comple'm.
808 2235 921 2262 Tom.V.
940 2235 996 2262 cah.
1011 2237 1036 2261 4.
1053 2243 1108 2269 pag.
1124 2233 1182 2258 536.
1202 2230 1319 2257 conferri
1336 2240 1394 2257 vero
1411 2230 1529 2265 inprimis
1547 2235 1660 2256 meretur
1680 2229 1707 2256 C.
1726 2230 1753 2253 A.
1767 2228 1892 2255 Rudol-

214 2285 286 2320 phii
306 2283 446 2309 Gruudriss
464 2281 508 2306 der
529 2279 691 2313 Physiologie
714 2280 785 2308 Berl.
803 2283 876 2309 1821.
896 2288 957 2309 tom.
973 2282 993 2308 I.
1011 2291 1036 2316 p.
1054 2283 1111 2307 104.
1126 2281 1179 2306 105.
1199 2278 1242 2312 qui
1257 2278 1326 2304 nulla
1341 2282 1422 2303 strata
1439 2284 1483 2304 aut
1498 2278 1564 2304 retia
1582 2278 1608 2302 in
1623 2282 1679 2302 cute
1692 2275 1822 2310 admittit,
1840 2277 1890 2316 nis¹

210 2328 392 2364 epidermidem
413 2333 437 2353 ct
454 2328 552 2361 derina,
576 2337 683 2360 quorum
700 2328 746 2354 hoc
764 2328 830 2364 apud
847 2327 920 2355 inum
937 2331 1055 2363 corium,
1078 2330 1149 2355 cutis
1170 2326 1259 2361 audit,
1276 2332 1350 2360 atque
1366 2324 1492 2359 glandulis
1508 2323 1619 2351 schaccis
1637 2321 1679 2348 hic
1693 2322 1746 2349 illic
1763 2323 1890 2350 munitum

205 2375 310 2404 dicitur,
