2080 2744
794 194 1280 230 ADDENDA.
1848 196 1890 238 69

486 290 583 333 Bufo
608 290 778 332 vulgaris.
803 287 963 321 Roesel
982 286 1050 319 1.1.
1078 286 1166 318 Tab.
1188 296 1241 318 20.
1266 296 1304 329 p.
1324 286 1377 318 86.

492 346 666 389 Crapaud
687 358 859 378 commun.
886 344 1044 390 Lacep.
1073 342 1136 378 1.1.
1156 343 1278 386 p-568.

487 404 586 447 Bufo
609 404 785 436 cinereus.
811 402 872 435 Me
884 412 1000 433 rrem
1025 400 1050 432 l.
1073 399 1097 431 l.
1129 411 1165 442 p.
1181 400 1251 432 182.
1274 411 1310 431 n.
1325 410 1376 432 11.

495 460 669 502 Crapaucl
688 460 729 491 cle
746 458 883 490 Roesel.
908 455 1041 487 Daud.
1065 456 1150 487 hist.
1163 463 1239 488 nat.
1257 457 1316 487 des
1334 457 1506 487 raimetc.
1532 465 1566 496 p.
1579 466 1631 496 77.
1658 466 1691 486 n.
1709 456 1740 487 6.
1765 454 1813 498 pl.
1826 466 1877 497 27.

240 520 341 562 Spec.
377 518 438 552 IV·
483 517 579 552 Rufo
605 515 786 549 calamita.
832 513 944 557 Supra
967 512 1155 548 olivaceus,
1181 510 1320 542 maculis
1339 511 1518 550 saturatis,
1543 509 1684 552 pustulis
1708 512 1855 543 subrulis
1870 534 1880 552 ,

197 585 230 609 et
245 576 335 608 linea
357 573 484 608 dorsali
498 573 589 604 lutea
618 568 859 612 longitudinali
881 570 916 600 in
940 568 1052 600 medio
1076 567 1180 599 dorsi.
1205 566 1340 599 Daud.
1365 566 1389 600 l.
1412 565 1437 600 1.
1460 579 1495 610 p.
1514 568 1583 599 153.

487 628 583 671 Buso
605 627 789 659 calamita.
815 624 993 658 Gmelin
1016 637 1051 669 p.
1071 625 1163 666 1047.
1188 626 1290 658 11.52.
1313 626 1348 664 β’.

489 687 542 718 Le
568 685 745 716 calamite.
769 683 927 726 Lacep.
950 681 975 713 l.
998 681 1022 712 l.
1047 693 1082 724 p.
1099 682 1172 724 592.

491 740 587 783 Rufo
607 737 792 771 calamita.
817 736 1023 769 Schneid.
1048 737 1072 768 l.
1095 736 1118 768 1.
1142 749 1179 781 p.
1199 738 1269 780 ¹93·

509 812 526 831 ‹<
588 810 604 829 «
667 810 683 829 «
745 809 762 827 «
802 794 998 825 Merrem
1020 792 1043 824 l.
1068 791 1092 823 l.
1117 804 1153 835 p.
1169 793 1238 826 182.
1263 805 1294 836 9.

488 853 586 895 Rufo
604 851 801 884 cruciatus.
827 849 1032 891 (stinkende
1053 849 1285 892 Lanclkrs'ite)
1308 849 1338 880 R
1352 859 1423 880 oes
1436 848 1485 882 el.
1509 860 1544 892 p.
1561 859 1632 891 107.
1657 850 1724 882 tab.
1741 851 1793 884 24.

483 911 594 941 Rana
615 912 836 949 portentosa.
861 906 883 937 S
899 914 1014 936 turm
1038 905 1231 937 Deutsclzl.
1258 906 1403 937 Fauna.

489 966 601 997 Rana
623 961 718 1003 Rufo
740 962 924 993 calamita.
949 961 1117 992 Cuvier
1140 960 1164 992 l.
1180 960 1203 992 l.
1227 973 1263 1004 p.
1281 962 1333 1003 95.

492 1020 588 1064 Raso
599 1019 790 1065 calamita..
805 1019 834 1049 D
845 1030 889 1047 au
905 1017 941 1048 d.
967 1017 1162 1065 Hit-annaQ
1181 1017 1355 1049 rainettes
1368 1023 1435 1050 etc.
1448 1029 1483 1061 p.
1497 1029 1549 1060 77.
1566 1030 1600 1050 n.
1612 1030 1643 1060 7.
1658 1018 1706 1064 pl.
1721 1020 1771 1052 23.
1788 1019 1842 1062 fig.
1855 1033 1880 1053 1.

691 1062 764 1096 (gev.
783 1069 810 1086 m
827 1058 984 1086 Gelderland
1000 1059 1032 1093 hij
1046 1059 1227 1092 VVageningen
1235 1058 1257 1093 ).

241 1132 297 1167 Ad
322 1137 458 1175 partem
480 1126 623 1159 tertiam.

241 1190 291 1221 De
315 1186 443 1220 ossibus
468 1184 587 1228 capitis
610 1194 646 1225 p.
662 1193 699 1224 17
724 1193 802 1225 sqq.

201 1275 204 1277 ,
240 1242 447 1288 synonymia
471 1241 596 1272 ossium
617 1250 684 1269 sce.
709 1239 781 1277 Boj
796 1249 921 1268 anum
945 1238 981 1267 in
1006 1236 1149 1267 Okeni
1174 1235 1270 1266 Iside
1287 1235 1481 1267 1821.Heft.
1497 1235 1575 1268 XII.
1591 1236 1886 1268 etCuvierium

197 1301 312 1334 Reclz.
338 1310 401 1330 sur
423 1298 472 1328 les
501 1296 637 1328 Ossem.
653 1294 802 1336 fossiles
825 1292 868 1326 V.
885 1304 916 1323 2.
947 1292 1047 1329 1324,
1071 1289 1270 1331 intelligitur
1293 1302 1334 1322 ex
1358 1291 1507 1323 Iconwn
1525 1292 1773 1337 explicatione,
1799 1305 1884 1336 quae

199 1347 352 1389 desumta
375 1361 425 1385 est
447 1365 463 1384 e
489 1351 781 1384 Commentatione
803 1349 841 1380 P.
866 1349 896 1380 J.
922 1347 959 1378 C.
985 1346 1236 1378 Ledeboer.

240 1414 290 1444 De
316 1410 467 1442 Cerebro
491 1416 524 1438 et
547 1405 697 1437 medulla
721 1404 845 1448 spinali
869 1405 968 1448 p.47.

244 1467 433 1501 Cerebrum
454 1465 487 1495 in
509 1463 640 1494 ratione
660 1460 701 1492 ad
722 1459 907 1492 medullam
925 1459 1089 1503 spinalem
1106 1459 1217 1492 adhuc
1237 1472 1381 1503 parvum
1400 1469 1451 1492 est
1471 1469 1504 1492 et
1522 1472 1648 1493 massae
1663 1463 1865 1505 praecipuae
1879 1484 1889 1499 ‚

197 1538 237 1558 ex
267 1524 390 1568 quibus
417 1528 572 1559 constat,
602 1520 637 1549 in
661 1517 777 1549 eadem
812 1517 1000 1548 directione
1026 1529 1063 1548 ac
1092 1517 1240 1549 medulla
1269 1518 1430 1561 spinalis,
1455 1519 1491 1550 id
1522 1528 1572 1551 est
1602 1532 1668 1551 una
1694 1528 1771 1563 post
1797 1520 1885 1552 alte-

197 1593 270 1614 ram
286 1587 438 1624 partem,
463 1577 554 1607 sitae.
602 1575 686 1605 Tres
711 1573 972 1617 conspiciendae
990 1581 1069 1603 sunt
1090 1574 1262 1616 portiones
1283 1576 1428 1606 cerebri.
1454 1576 1585 1614 Prima,
1612 1587 1696 1619 quae
1715 1576 1888 1617 occurrit,

197 1635 466 1679 haemisphaeria
490 1632 616 1667 refert,
639 1629 768 1662 scilicet
794 1641 975 1660 nervorum
1007 1629 1261 1661 olfactui-iorum
1284 1630 1424 1672 ganglia.
1472 1631 1699 1674 Coniponitur
1725 1644 1765 1663 ex
1796 1631 1887 1664 duo-

196 1696 259 1727 bus
283 1692 419 1735 gangliis
439 1689 596 1721 rotundis
613 1714 621 1725 ‚
647 1687 822 1729 oblongis,
847 1687 971 1719 cinerei
994 1686 1113 1718 coloris
1138 1696 1194 1724 et,
1222 1699 1298 1718 cuin
1320 1695 1387 1718 tota
1413 1687 1544 1719 cerebri
1568 1700 1673 1719 massa
1699 1689 1724 1719 si
1745 1700 1887 1732 compa-

197 1759 338 1789 rantur,
364 1749 439 1779 satis
463 1746 611 1788 magnis3
634 1744 781 1776 anterius
806 1755 918 1775 secun]
941 1744 1086 1775 invicem
1122 1744 1306 1783 conjuncta
1333 1752 1431 1780 sunt,
1456 1743 1505 1774 ihi
1526 1744 1684 1774 oriuntur
1713 1744 1808 1775 nemi
1832 1745 1888 1775 ol—

198 1806 353 1841 factoiii3
374 1804 541 1848 posterius
563 1815 577 1833 a
602 1813 634 1833 se
657 1801 801 1832 invicem
825 1799 1018 1840 disjuncta,
1038 1799 1126 1830 intus
1148 1811 1225 1831 cava
1241 1807 1340 1837 sunt,
1356 1812 1441 1842 quae
1455 1800 1687 1831 excavationes
1711 1801 1889 1832 ventricu-

199 1864 239 1895 lis
260 1860 455 1894 lateralibus
473 1861 539 1891 sive
562 1857 768 1890 tricornibus
793 1855 948 1897 analogae
969 1865 1070 1897 sunt3
1091 1868 1207 1888 eorum
1233 1855 1381 1887 caritatis
1400 1867 1462 1899 ope
1478 1856 1650 1887 anteriora
1665 1868 1778 1888 versus
1794 1869 1890 1888 com-

200 1918 366 1950 mercium
387 1916 476 1954 iuter
500 1926 533 1945 se
554 1913 648 1944 alant
672 1913 831 1944 dextrum
856 1912 1099 1956 sinistrumque
1120 1912 1301 1953 ganglion:
1327 1913 1362 1943 in
1387 1912 1495 1943 fundo
1519 1913 1698 1943 navitarum
1718 1921 1892 1945 extumes*

205 1975 315 2007 centia
327 1981 375 2004 est
392 1997 400 2011 ,
428 1969 613 2003 secundum
637 1970 796 2000 Carum
817 1980 892 1999 cum
915 1968 1116 2010 corporibus
1130 1968 1253 1999 striatis
1275 1967 1514 2010 comparanda.
1540 1968 1695 2011 Sequens
1717 1969 1887 2001 interme-

202 2031 256 2063 dia
278 2029 409 2062 cerebri
427 2038 505 2070 pars
533 2027 675 2057 formata
696 2033 745 2055 est
760 2037 776 2056 e
803 2023 954 2065 glangliis
980 2035 1161 2055 nervorum
1175 2024 1388 2066 opticoruni,
1417 2022 1552 2054 thalami
1572 2035 1688 2056 corum
1711 2037 1892 2058 nervorum

202 2085 381 2119 dimidium
408 2084 478 2115 fere
498 2083 644 2114 minores
666 2090 745 2112 sunt
763 2080 903 2122 gangliis
925 2092 1106 2113 nervorum
1127 2081 1381 2112 ollactoriorum
1402 2089 1434 2112 et
1453 2082 1489 2111 iu
1514 2093 1619 2111 unum
1645 2081 1715 2113 sere
1737 2082 1892 2123 ganglion

203 2141 379 2184 conjuncti
405 2141 499 2181 cujus
524 2152 540 2170 c
568 2139 730 2170 lateribus
763 2138 920 2169 oriuntur
958 2137 1054 2172 nervi
1087 2137 1217 2181 optici3
1258 2137 1293 2168 hi
1328 2137 1426 2169 nerii
1451 2145 1644 2168 anti-orsum
1671 2138 1713 2168 ad
1742 2150 1774 2168 se
1800 2139 1892 2169 invi-

205 2211 276 2233 cem
304 2204 548 2229 convertuntur
566 2219 574 2234 ‚
598 2197 853 2236 conjunguntur
878 2202 912 2225 et
935 2205 1040 2237 porro
1063 2194 1125 2225 sub
1150 2193 1271 2235 angulo
1298 2194 1417 2224 obtuso
1440 2194 1619 2224 recedunt.
1674 2195 1714 2224 ln
1748 2194 1894 2226 interio-

204 2266 241 2286 re
263 2254 363 2294 hujus
398 2251 534 2284 thalami
561 2251 645 2282 dicti
671 2251 765 2282 adest
795 2253 1015 2282 tumescentia
1050 2263 1088 2282 ex
1124 2264 1191 2295 qua
1215 2250 1357 2282 radiatio
1382 2251 1546 2281 fibrarum
1582 2249 1819 2282 medullariuui
1854 2251 1896 2282 ad

208 2309 429 2342 thalamorum
447 2317 638 2350 tegumenta
664 2308 753 2349 exit3
781 2319 883 2351 supra
908 2320 983 2340 eum
1003 2307 1175 2340 invenitur
1197 2306 1355 2350 glandis-a
1377 2319 1481 2351 parva
1506 2306 1626 2339 coloris
1651 2307 1769 2344 rubri,
1797 2320 1897 2351 quam

206 2378 283 2400 cum
301 2364 460 2408 glandula
480 2365 606 2411 pinculi
633 2365 700 2398 sive
730 2365 866 2397 conario
890 2366 1023 2399 confert
1046 2367 1071 2399 C
1087 2379 1189 2399 arus
1216 2367 1340 2410 (zirbel
1362 2366 1493 2409 driise).
1517 2367 1695 2399 Praeterea
1724 2367 1899 2399 invenitur

1216 2424 1232 2456 I
1261 2425 1279 2457 5
1830 2423 1894 2455 ad-
