2080 2744
207 206 227 238 6
659 197 701 229 H.
769 197 808 228 L.
876 205 975 229 VAN
1042 197 1469 240 ALTENA,

213 294 343 334 tinent,
368 300 425 323 cor
448 289 578 321 habent
601 287 807 329 biloculare‚
833 288 1042 329 biauritnm3
1068 286 1291 332 pulmonibus
1319 300 1454 334 semper
1481 298 1562 322 sunt
1584 291 1763 336 praedita3
1789 294 1896 328 οοῐως

213 360 348 393 semper
368 347 481 379 locum
505 345 608 376 habet
634 356 755 385 verus3
782 344 895 377 rivum
916 345 1056 391 pariunt
1075 344 1205 376 foetum
1225 345 1276 377 vel
1297 356 1357 378 ova
1382 347 1466 378 testa
1494 346 1580 379 dura
1607 348 1758 381 calcare&
1778 351 1896 382 muni-

212 416 268 447 1a;
293 406 421 437 foetum
440 400 647 445 aliquamdiu
672 402 831 433 nutriunt
848 402 946 445 eique
969 401 1087 432 saltem
1110 401 1146 432 in
1169 402 1280 444 prima
1308 402 1394 433 vitae
1425 403 1557 446 epocha
1588 405 1787 447 provident.
1833 408 1895 438 Pi-

213 463 254 494 lis
268 487 276 502 ,
301 461 342 493 ad
365 460 526 500 majorem
546 457 597 490 vel
618 458 786 490 minorem
804 457 1005 490 (lens-itatem
1024 457 1186 490 consertis
1211 458 1410 502 (nunquam
1432 460 1516 491 cutis
1538 460 1690 493 absolute
1710 462 1802 495 nuda
1827 465 1895 505 est)

212 519 263 551 vel
288 516 412 562 plumis
440 523 610 556 teguntur.

257 574 590 614 Isaeum-clymata
625 581 704 602 vero
730 569 861 601 liabent
891 578 948 601 ant
972 571 1231 615 respirationem
1256 579 1313 604 ant
1339 564 1593 606 circulationem
1626 585 1759 618 semper
1791 577 1905 609 minus

213 631 414 674 perfectam.
461 629 576 670 Quum
601 626 691 657 enim
719 637 776 656 cor
800 625 988 658 biloculare
1014 635 1047 659 et
1073 627 1278 668 biauritum,
1302 630 1483 673 respiratio
1506 638 1556 662 est
1585 630 1696 662 minus
1719 631 1897 675 perfecta,

213 699 294 731 pars
318 686 409 717 enim
441 683 610 725 sanguinis
636 683 751 715 venosi
778 683 931 726 oxygenii
962 685 1134 716 contactui
1166 695 1236 715 non
1269 684 1469 726 subjicitur,
1504 698 1610 729 quum
1634 688 1815 731 respiratio
1833 700 1896 721 ve-

214 756 252 775 ro
287 751 391 775 totam
423 741 592 782 sanguinis
620 751 759 771 massam
795 740 1090 783 comprehendit,
1126 748 1208 772 tunc
1246 752 1304 773 cor
1345 753 1414 773 uno
1444 742 1633 776 ventriculo
1664 744 1900 776 tantummodo

214 800 350 842 gaudet.
395 798 511 831 Coitus
530 796 734 840 plerumque
760 808 830 829 non
854 809 951 830 verus
974 805 1047 829 est:
1073 807 1132 829 ova
1157 797 1290 842 saepius
1317 798 1409 830 enim
1434 810 1540 842 quum
1558 799 1761 843 pondnn'tur
1785 813 1802 832 a
1824 812 1900 832 ma-

212 870 249 889 re
271 857 408 888 demum
426 862 594 898 spermate
619 862 858 896 asperguntur.
907 856 979 886 Ova
1001 855 1069 894 jam
1094 865 1228 896 semper
1251 861 1329 885 sunt
1352 855 1562 886 circumdata
1584 856 1782 888 membran&
1808 858 1900 899 qua-

216 914 293 945 dani
317 913 420 944 molli.
460 911 598 954 Saepius
632 911 814 942 cohaerent
843 921 1012 953 unamque
1036 921 1178 941 massam
1207 909 1470 952 conglutinatam
1502 911 1727 943 constituunt.
1772 911 1900 944 Eorum

214 981 374 1001 numerus
404 979 502 1012 saepe
532 968 651 1008 ingens
675 975 735 998 est.
780 967 902 998 Foetus
937 979 955 998 a
991 967 1102 1009 primo
1128 967 1214 999 vitae
1238 965 1320 998 inde
1347 974 1500 1010 tempore
1524 968 1590 998 sibi
1622 968 1694 1011 ipse
1718 968 1900 1011 providere

216 1026 320 1058 debet
341 1037 404 1057 nec
431 1037 448 1055 a
475 1024 673 1068 parentibus
697 1025 848 1055 nutritur
875 1031 909 1055 et
929 1023 1072 1055 fovetur.
1119 1023 1305 1067 Squamo'sa
1330 1023 1382 1056 vel
1404 1023 1497 1055 nuda
1525 1023 1673 1065 gaudent
1696 1024 1795 1067 pelle.

255 1084 628 1122 Haema-crymatccm
660 1080 783 1120 agmini
809 1081 877 1121 jam
901 1080 1146 1112 adscribuntur
1169 1079 1384 1111 Batrachz'a.

258 1139 597 1177 Ilaemcz-crymccla
620 1144 731 1168 autem
756 1134 960 1167 dividuntur
984 1136 1019 1168 in
1053 1137 1200 1179 reptilia
1223 1144 1256 1168 et
1272 1138 1407 1179 pisces.

266 1194 426 1237 Repfilia
450 1193 501 1224 vel
521 1204 654 1234 semper
667 1192 889 1234 pulmonibus
906 1201 985 1223 sunt
1003 1194 1189 1229 instructa,
1207 1193 1259 1225 vel
1278 1194 1314 1223 in
1337 1194 1514 1233 juventute
1537 1192 1711 1222 branchiis
1733 1193 1903 1234 gaudent,

216 1259 379 1297 Provecta
402 1260 480 1281 vero
509 1256 614 1280 aetate
639 1247 817 1290 pulmones
842 1245 1038 1289 acquirunt.
1084 1245 1193 1278 Pisces
1221 1257 1355 1288 semper
1384 1245 1584 1286 branchias,
1609 1258 1787 1289 nunquam
1818 1249 1902 1294 pul-

216 1320 331 1341 mones
358 1306 515 1338 offerunt.

260 1364 427 1406 *aemilia
450 1360 645 1404 inperfecta
669 1360 816 1400 gaudent
839 1358 1060 1401 respiratione
1080 1364 1091 1398 ,‘
1106 1359 1152 1390 ita
1172 1368 1209 1391 ut
1232 1371 1311 1403 pars
1339 1359 1573 1391 tantummodo
1594 1360 1763 1401 sanguinis
1788 1368 1901 1393 atmo-

216 1422 380 1464 s'phaerae
401 1419 527 1449 actioni
552 1418 774 1458 subjiciatur,
800 1427 878 1459 pars
900 1426 978 1447 vero
1002 1426 1071 1445 non
1095 1415 1239 1457 oxydata
1261 1416 1378 1448 redeat
1401 1428 1465 1458 per
1488 1416 1638 1449 arterias.
1684 1416 1769 1448 Inde
1794 1417 1902 1449 intel·

216 1476 373 1519 ligendus
402 1473 494 1506 color'
511 1472 680 1513 sanguinis
702 1471 854 1503 arteriosi
876 1470 983 1502 multo
1008 1469 1137 1511 nigrior
1172 1483 1272 1514 quam
1293 1471 1351 1503 ille
1386 1473 1781 1513 lmenzcz-tlzermatzcm‚
1806 1485 1902 1506 mus-

218 1533 372 1566 culorum
397 1530 479 1562 inde
506 1530 619 1562 minor
649 1529 805 1570 energia,
830 1527 984 1569 corporis
1008 1527 1119 1558 minor
1147 1527 1260 1568 calor,
1286 1540 1372 1572 quae
1394 1530 1430 1560 in
1458 1528 1642 1573 reptilibus
1669 1529 1902 1563 observantur.

209 1585 362 1624 'cerebri
382 1588 495 1619 minor
514 1595 565 1618 est
583 1597 688 1617 massa
706 1593 741 1616 et
761 1595 830 1614 non
846 1591 914 1613 tani
929 1589 1020 1613 arcte
1042 1585 1266 1623 conjunctum
1287 1585 1424 1617 videtur
1447 1597 1524 1617 cum
1539 1585 1772 1617 functionibus
1791 1595 1824 1618 et
1842 1598 1903 1617 or-

217 1646 343 1690 ganicis
358 1653 392 1677 et
410 1642 634 1682 animalibus3
651 1640 798 1686 plurima
811 1638 902 1670 enim
918 1638 1058 1670 cerebro
1071 1638 1290 1683 medullaque
1306 1639 1425 1671 ablatis
1440 1639 1544 1672 vitam
1560 1639 1769 1683 aliquamdiu
1788 1641 1905 1674 vivunt

219 1705 321 1747 plane
341 1699 580 1742 vegetabilem,
606 1696 700 1741 quod
722 1696 850 1740 ipsein
868 1695 963 1727 Rana
987 1694 1157 1728 esculenta
1185 1704 1218 1727 et
1241 1696 1277 1727 in
1303 1695 1433 1728 Busone
1466 1696 1602 1728 cinereo
1628 1696 1759 1742 saepius
1785 1701 1903 1739 magn-a

221 1772 297 1792 cnm
317 1757 538 1790 admiratione
560 1753 746 1787 observavi.
793 1751 997 1784 Pulmonum
1019 1748 1158 1782 cellulae
1176 1753 1319 1793 majores
1339 1750 1509 1783 volumine
1525 1751 1742 1795 minoresque
1765 1764 1906 1786 numero

218 1825 300 1850 sunt
318 1826 420 1859 quam
438 1813 476 1844 in
498 1811 904 1844 haema·thermalibus.
953 1809 1021 1841 Cor
1047 1819 1064 1839 e
1088 1818 1230 1850 corpore
1254 1807 1445 1840 desumtum
1471 1819 1533 1852 per
1562 1806 1644 1840 duas
1663 1808 1763 1841 horas
1785 1808 1905 1841 saliens

219 1874 290 1907 vidi
309 1873 344 1904 in
366 1871 461 1903 Rana
480 1868 664 1900 esculenta.

261 1928 430 1972 Quamvis
449 1926 550 1970 plma
572 1936 689 1957 vocem
705 1923 859 1956 emittere
880 1934 950 1954 non
971 1920 1123 1960 valeant,
1149 1920 1260 1952 omnia
1289 1928 1401 1952 tamen
1423 1920 1550 1952 arteria
1578 1921 1696 1964 aspera
1719 1929 1752 1953 et
1768 1922 1909 1965 larynge

219 1986 376 2034 praedita
395 1991 486 2016 sunt.
525 1982 683 2014 Feminae
707 1979 840 2012 duobus
861 1991 900 2011 ov
894 1978 980 2010 aliis
999 1977 1199 2021 duobusque
1220 1975 1436 2009 oviductibus
1457 1977 1631 2020 praeditae
1650 1986 1730 2010 sunt
1743 2002 1759 2018 ‚t
1777 1978 1813 2010 in
1830 1989 1907 2011 ma·

223 2045 315 2076 sibus
341 2041 434 2083 virga
457 2038 511 2072 vel
536 2037 665 2081 duplex
685 2045 735 2069 est
757 2035 810 2070 vel
832 2034 976 2078 simplex
1000 2034 1052 2069 vel
1072 2033 1177 2067 nulla.

268 2099 320 2133 Cl.
344 2100 397 2131 Br
408 2096 562 2139 ognia1
571 2095 595 2126 εἶ
620 2095 750 2140 primus
770 2092 906 2138 reptilia
928 2092 973 2124 ad
989 2100 1136 2137 quatuor
1158 2089 1295 2122 ordines
1312 2087 1451 2121 redusit
1468 2089 1552 2122 satis
1567 2089 1705 2122 omnino
1724 2074 1909 2124 naturales.

227 2157 283 2191 Ad
303 2155 461 2188 ordinem
483 2145 1448 2190 Cheloniorum‚baur1o1umOph1d10rum
1471 2154 1504 2179 et
1526 2145 1878 2180 Batrachiorum.

279 2209 500 2246 Chelonia
530 2209 740 2251 (animalia
764 2206 1000 2248 testudinea)
1037 2216 1096 2237 cor
1124 2203 1254 2235 habent
1286 2201 1471 2235 biloculare
1488 2227 1497 2240 ,
1526 2202 1712 2234 biauritum
1731 2227 1746 2239 ,
1780 2213 1903 2245 eorpus

227 2274 404 2315 (quatuor
431 2266 578 2312 pedibus
609 2265 750 2306 nitens)
772 2263 902 2295 duabus
931 2261 1127 2294 continetur
1147 2260 1271 2301 scutis,
1292 2258 1455 2292 inferiore
1481 2267 1515 2292 et
1537 2259 1730 2305 superiore,
1757 2269 1906 2302 quorum

228 2328 294 2362 hoc
324 2337 342 2359 e
370 2323 467 2368 spina
488 2330 521 2357 et
553 2321 674 2362 costis,
705 2320 792 2354 illud
829 2333 847 2354 e
874 2327 991 2353 sterno
1024 2325 1268 2365 provenerunt.
1333 2316 1518 2351 vertebrae
1553 2315 1695 2349 cervicis
1720 2323 1753 2349 et
1779 2315 1906 2349 caudae
