2080 2744
424 226 778 266 COMMENTATIO
803 237 854 263 AD
879 225 1225 275 QUAESTIONEM
1248 231 1545 269 ZOOLOGIAM.
1792 247 1833 280 27

190 321 396 373 Gyrinosin
421 320 537 358 mense
570 322 684 368 Aprili
714 316 841 366 (a'die
871 324 911 358 16
920 323 1035 368 —25)
1068 324 1247 364 collectos,
1277 324 1367 358 Julio
1398 334 1432 359 et
1464 326 1616 370 Augusto
1650 327 1824 360 mensibus

146 383 364 420 dissecabam.
407 380 516 414 Pedes
538 375 741 425 posteriores
765 382 844 413 satis
868 381 938 423 jam
959 380 1112 413 evolutae
1149 390 1269 423 erant,
1302 383 1513 416 anteriorum
1546 383 1688 418 vixdum
1718 384 1827 417 vesti-

147 445 198 486 gia
220 439 438 474 inveniebam
473 438 536 471 sub
573 446 661 471 cute.
705 438 864 481 Quatuor
888 436 1012 470 seeleta
1037 438 1116 471 satis
1143 438 1311 483 completa
1340 439 1608 483 praeparabam,
1633 440 1671 472 in
1705 440 1829 485 quibus

147 498 303 532 omnibus
322 497 390 529 duo
408 506 479 528 ossa
494 495 693 538 temporalia
712 494 873 534 aderant,
899 506 1047 538 quorum
1065 494 1338 540 unumquodque
1361 495 1430 528 duo
1445 505 1575 540 puncta
1593 497 1830 540 ossificationis

149 549 370 594 ostendebat3
397 551 490 596 quod
517 563 594 584 cum
629 550 753 583 nostris
781 551 1021 596 experimentis
1043 553 1079 583 in
1112 564 1185 584 ossa
1210 564 1311 584 ranae
1341 552 1476 586 adultae
1507 554 1673 586 institutis
1699 555 1832 596 egregie

147 610 315 644 convenit.
361 610 446 640 Ossa
469 608 669 652 temporalia
691 608 782 640 enim
813 619 877 651 per
908 607 1089 640 dimidium
1116 608 1221 641 horae
1246 609 1395 652 spatium
1418 611 1506 655 aqua
1535 618 1654 649 cocta,
1679 609 1715 642 iu
1747 611 1832 644 duas

147 665 390 699 dividebantur
410 673 545 708 partes,
570 664 673 709 plane
696 665 832 698 easdem
854 677 932 697 cum
955 665 1112 709 partibus
1137 678 1224 709 quae
1244 666 1281 698 in
1311 666 1431 710 gyrino
1452 667 1564 713 prima
1595 668 1832 701 ossifieationis

144 730 275 768 puncta
307 721 545 754 ostendebant.
583 722 631 753 Os
657 721 822 762 frontale,
853 721 946 765 quod
974 722 1075 754 etiam
1098 720 1231 754 duabus
1256 723 1410 768 partibus
1438 733 1569 757 constat
1588 725 1829 768 symmetricis,

146 780 215 812 duo
240 786 373 823 puncta
397 777 631 810 ossificationis
660 778 881 816 ostendebat,
907 790 925 810 e
953 779 1076 822 quibus
1103 788 1297 813 antrorsum
1324 789 1358 813 et
1379 788 1593 824 postrorsum
1612 781 1701 813 radii
1725 783 1830 815 emit-

147 837 307 869 rebantur
330 834 476 866 calcarii.
524 835 571 866 Os
597 835 865 878 sphaenoidenm
892 843 964 867 erat
988 835 1191 875 formatum,
1216 836 1375 882 calceque
1399 837 1436 869 in
1461 836 1592 870 duobus
1619 838 1758 881 punctis
1777 850 1835 871 ex·

145 893 327 937 plebatur,
350 891 386 921 in
411 890 569 921 confiniis
594 891 843 932 expensionum
871 898 1138 924 transversarum
1153 915 1163 933 ,
1188 906 1273 936 quae
1299 902 1415 937 postea
1438 904 1514 926 cum
1537 895 1665 927 ossibus
1694 903 1832 939 tempo-

147 948 274 981 ratibus
296 947 563 988 conjunguntur.
610 946 694 978 Ossa
715 946 818 988 igitur
843 947 974 988 cranii,
1008 959 1081 979 ossa
1113 947 1155 980 ad
1179 949 1366 981 sensorium
1397 961 1573 981 commune
1602 951 1836 993 pertinentia,

149 1016 221 1038 ossa
246 1003 333 1037 vitae
366 1001 520 1034 animalis
553 1001 644 1044 (1),
681 1003 750 1043 jam
779 1005 911 1050 egregie
935 1004 1067 1048 evoluta
1098 1013 1219 1047 erant2
1249 1017 1320 1038 ossa
1350 1018 1433 1038 vero
1462 1006 1558 1046 faciei
1581 1009 1737 1044 nonita.
1765 1010 1835 1042 ,Os

150 1057 491 1093 enimethmoideum
511 1058 567 1090 hie
582 1057 659 1090 >illic
675 1058 908 1102 cartilaginem
927 1060 1122 1095 solidiorem
1138 1056 1342 1102 exhibebat,
1367 1062 1603 1095 ossificationis
1621 1075 1701 1097 vero
1716 1076 1833 1110 pune-

150 1125 184 1149 ta
209 1116 365 1151 invenire
390 1126 461 1148 non
482 1114 586 1150 valui.
629 1117 715 1148 Ossa
742 1117 811 1158 jam
834 1116 1001 1162 quadrata
1023 1127 1056 1150 et
1078 1117 1201 1161 jugalia
1217 1143 1226 1159 ‚
1249 1119 1287 1150 in
1313 1118 1446 1150 duobus
1471 1121 1704 1153 tantummodo
1736 1122 1835 1154 iudi-

148 1173 281 1211 viduis,
316 1172 545 1205 ostendebant
579 1173 813 1206 ossificationis
842 1174 958 1212 initia,
998 1174 1034 1206 in
1065 1175 1197 1207 duobus
1228 1175 1299 1207 aliis
1333 1174 1434 1218 plane
1463 1184 1561 1208 erant
1591 1175 1836 1220 cartilaginosa.

148 1231 198 1261 De
224 1228 359 1259 maxilla
379 1229 553 1271 superiore
576 1229 669 1261 idem
692 1228 791 1262 valet.
837 1232 885 1260 Os
907 1232 1015 1269 majus
1039 1231 1182 1271 hujusce
1206 1230 1361 1262 maxillae
1392 1232 1502 1272 enim,
1534 1234 1571 1281 53²
1605 1246 1675 1267 uno
1706 1244 1840 1269 tantum.

144 1283 323 1319 individuo
339 1291 411 1316 erat
435 1283 647 1327 aliquatenus
670 1295 812 1317 osseum.
859 1283 1003 1318 Caetera
1030 1293 1099 1318 tam
1123 1284 1276 1319 maxillae
1306 1285 1489 1331 superioris
1515 1302 1617 1334 quam
1645 1291 1750 1334 palati
1777 1305 1838 1325 ος-

1787 1361 1841 1388 sa,

187 1432 243 1469 (1)
261 1430 459 1466 OpinionibusB
467 1430 476 1456 i
484 1439 497 1456 c
506 1429 521 1455 h
531 1439 546 1456 a
555 1430 581 1456 ti
590 1439 627 1456 an
636 1431 643 1456 i
652 1440 664 1457 s
680 1431 711 1458 de
726 1432 779 1459 vita
791 1433 898 1461 animali
913 1440 940 1461 et
948 1435 1066 1469 organica
1080 1440 1149 1461 totus
1164 1433 1268 1460 inbutus
1278 1456 1285 1468 ,
1296 1436 1458 1469 sagacissime
1473 1437 1504 1464 cl.
1516 1437 1542 1464 J.
1554 1447 1579 1464 v,
1596 1436 1622 1464 d.
1631 1437 1656 1464 H
1665 1448 1678 1464 o
1688 1448 1699 1464 e
1707 1448 1722 1464 v
1730 1449 1743 1465 e
1752 1449 1768 1465 n
1787 1441 1838 1475 (De

152 1480 245 1507 sceleto
259 1480 367 1514 piscium
386 1488 442 1512 pag.
458 1478 511 1511 ιο)
539 1487 594 1504 ossa
615 1479 708 1506 dividit
728 1480 755 1506 in
774 1491 837 1508 ossa
853 1482 885 1508 ad
906 1485 994 1509 vitam
1015 1484 1166 1510 animalem
1184 1483 1341 1516 pertinentia
1363 1490 1388 1510 et
1411 1484 1443 1510 ad
1462 1487 1549 1512 vitam
1568 1489 1740 1521 organicam.
1776 1489 1839 1515 Ossa

152 1537 228 1562 porro
242 1528 309 1554 vitae
324 1525 459 1560 animalis,
479 1526 530 1552 tria
546 1527 619 1560 quasi
636 1533 774 1560 systemata
792 1530 969 1557 constituunt:

428 1588 430 1590 >
467 1573 498 1601 A.
515 1573 579 1598 Ossa
594 1575 742 1607 systematis
762 1577 850 1602 nervei
867 1583 951 1612 partes
968 1576 1116 1604 essentiales
1134 1578 1255 1610 tegentia.

466 1620 497 1646 B.
515 1620 578 1645 Ossa
597 1629 690 1654 organa
707 1631 795 1647 sensus
813 1623 987 1651 includentiaf

469 1665 498 1691 C.
517 1667 580 1692 Ossa
597 1667 680 1694 motui
698 1668 874 1698 inservientia.

154 1716 216 1742 Ossa
230 1715 297 1741 vitae
315 1713 448 1747 organicae
467 1714 545 1740 ctiam
568 1720 619 1741 tres
640 1717 802 1743 constituunt
817 1718 916 1745 series:

476 1763 507 1789 A.
526 1762 588 1788 Ossa
603 1764 754 1790 nutritionis
769 1765 895 1791 strictiori
910 1775 985 1793 sensu
1006 1766 1025 1792 i.
1042 1776 1066 1796 e.
1081 1767 1268 1794 masticationis
1290 1774 1315 1794 et
1328 1767 1514 1802 deglutitionis.

476 1809 508 1835 Β.
527 1809 589 1835 Ossa
610 1811 788 1845 respirationis
810 1813 925 1839 officinae
942 1815 1036 1842 dicata.

476 1857 506 1886 C.
524 1858 587 1883 Ossa
602 1859 775 1892 generationis
798 1859 926 1886 officinam
946 1861 1112 1890 includentia.

189 1905 248 1932 Jam
268 1914 324 1931 eum
344 1905 421 1931 hacce
435 1904 629 1931 classificatione
652 1906 747 1932 ossium
760 1929 767 1940 ‚
790 1907 811 1933 si
831 1915 1010 1942 comparentur
1028 1915 1130 1936 nostrae
1152 1909 1341 1937 observationes
1362 1910 1394 1938 ad
1416 1911 1594 1940 ossificationis
1617 1922 1763 1949 progressus
1783 1926 1842 1951 per-

160 1953 270 1979 tinentes
286 1952 374 1986 pulcra
390 1953 514 1985 quaedam
536 1953 595 1979 inde
614 1954 680 1980 mihi
702 1955 828 1990 profluere
845 1949 1127 1985 coronaria'videntur.

190 2000 278 2026 Primo
304 2001 371 2026 enim
393 2009 421 2026 os
445 2000 509 2027 fiunt
528 2011 590 2027 ossa
610 2003 686 2028 vitae
711 2006 845 2030 animalis
866 2005 1031 2039 encephalum
1055 2005 1224 2040 obducenda,
1243 2006 1335 2032 deinde
1358 2006 1404 2032 illa
1424 2016 1488 2042 quae
1510 2017 1630 2036 sensuum
1646 2019 1739 2045 organa
1757 2015 1843 2039 conti-

158 2054 235 2082 nent,
253 2054 381 2082 postremo
396 2057 460 2082 quae
482 2050 563 2075 motui
581 2050 739 2080 inserviunt,
757 2051 884 2086 simulque
902 2063 959 2079 cum
981 2054 1167 2087 posterioribus
1182 2063 1239 2081 ossa
1259 2055 1426 2090 nutritioniS,
1451 2057 1630 2091 respirationis
1652 2065 1678 2085 et
1697 2062 1845 2094 generatio-

156 2095 196 2121 nis
214 2095 322 2121 materia
342 2095 472 2129 inplentur
489 2096 607 2125 calcaria.
652 2118 660 2123 s

192 2143 287 2169 Raehis
299 2165 305 2176 ‚
322 2143 403 2169 altera
424 2143 469 2169 illa
490 2144 584 2170 ossium
602 2144 668 2171 vitae
683 2144 803 2172 animalis
818 2147 896 2174 series
909 2166 915 2178 ‚
934 2150 1020 2175 statim
1035 2156 1092 2183 post
1106 2159 1162 2176 ossa
1181 2150 1314 2185 eneephali
1331 2150 1456 2178 evolvitur
1475 2158 1501 2179 et
1522 2154 1674 2181 ossifcatur.
1710 2157 1779 2183 Ilaec
1791 2156 1843 2190 jam

159 2191 258 2225 egregie
277 2191 432 2216 conveniunt
449 2200 507 2216 eum
523 2198 598 2217 antea
613 2193 689 2219 dictis
701 2194 733 2220 de
747 2195 855 2221 relativo
871 2197 967 2221 ossium
984 2197 1071 2223 valore
1091 2200 1132 2233 (v.
1151 2198 1177 2225 d.
1196 2199 1333 2224 Hoeven
1351 2199 1369 2227 l.
1384 2199 1403 2226 l.
1422 2209 1479 2234 pag.
1495 2201 1539 2235 4).
1563 2203 1625 2228 Ossa
1642 2203 1709 2228 enim
1727 2204 1845 2238 digniora

161 2239 308 2265 essentialia
326 2254 360 2259 --
377 2246 440 2272 quae
459 2238 530 2264 basin
548 2239 637 2265 sceleti
653 2243 812 2269 constituunt
828 2259 862 2264 —
879 2244 961 2276 primo
983 2244 1132 2271 evolvuntur
1149 2261 1183 2267 —
1200 2246 1285 2272 minus
1298 2247 1444 2273 essentialia
1460 2248 1577 2283 deinceps
1593 2260 1647 2276 sese
1665 2253 1809 2280 ostendunt.

187 2287 223 2313 si
237 2288 303 2313 ratio
320 2296 378 2312 vero
405 2292 558 2320 quaeratur,
585 2297 630 2312 cur
655 2289 738 2314 rachis
760 2292 853 2315 seriori
874 2291 981 2323 gaudeat
1003 2293 1172 2318 ossificatione
1199 2303 1227 2319 ac
1248 2303 1305 2320 ossa
1326 2295 1490 2329 encephalum
1513 2296 1682 2333 obducenda,
1707 2300 1746 2325 vix
1771 2301 1845 2334 quic-

161 2342 237 2368 quam
254 2334 350 2367 habeo,
368 2334 433 2368 quod
452 2335 618 2368 respondeam
630 2353 638 2365 ,
665 2336 714 2361 nisi
735 2338 800 2370 quod
820 2339 933 2364 raehidis
951 2349 1007 2365 ossa
1029 2341 1108 2367 motui
1124 2341 1202 2366 simul
1224 2341 1365 2368 inserviant
1384 2343 1436 2377 (cs.
1455 2352 1478 2371 v.
1497 2344 1522 2372 d.
1541 2345 1677 2373 Hoeven
1701 2356 1756 2381 pag·
1773 2358 1811 2377 xo.
1823 2349 1845 2382 ).

162 2389 300 2415 eorumque
317 2381 404 2414 itaque
417 2381 585 2409 consolidatio
610 2392 667 2409 eum
684 2383 730 2410 illa
750 2393 903 2418 organorum
919 2393 1002 2412 motus
1019 2394 1086 2413 arcte
1103 2388 1241 2415 cohaerere
1254 2389 1381 2418 videatur.

1137 2439 1204 2470 D2
