2080 2744
194 213 236 248 54
594 205 638 238 H.
725 203 767 238 L.
855 209 980 236 vAN
1065 201 1494 242 ALTENA,

203 301 358 348 plurimis
384 298 534 332 brachiis
552 303 765 341 procurrunt
791 306 901 339 usque
933 294 977 326 ad
1004 304 1108 327 venas
1135 293 1320 329 subcl'avias
1342 283 1529 340 'utriusque
1558 295 1706 337 lateris5
1722 298 1784 330 ubi
1805 300 1887 335 duo„

201 359 321 404 plexus
344 358 494 390 formant
516 363 551 387 et
573 366 649 387 cum
669 353 754 386 vasis
773 352 890 384 lacteis
906 351 1026 396 capitis
1043 359 1077 384 et
1097 350 1176 383 colli
1203 353 1471 394 conjunguntur.
1501 352 1530 385 E
1545 351 1663 397 plexus
1684 353 1890 392 dextro'duo

201 417 345 449 brachia
363 421 591 457 procurrunt,
611 422 696 455 quae
717 408 862 452 jugulari
877 420 946 441 sese
966 421 1070 442 venae
1092 409 1249 440 inserunt
1262 428 1273 449 ‚
1293 420 1404 453 prope
1422 409 1494 450 ejus
1510 410 1790 451 conjunctionem
1810 424 1890 448 cum

201 476 286 511 vena
309 470 491 504 subclavifi.
537 469 680 502 Sinister
701 466 820 511 plexus
843 478 947 498 unum
968 464 1203 498 tantummodo
1234 465 1376 497 exhibet
1404 465 1605 506 brachium,
1630 469 1726 509 cujus
1749 470 1889 504 insertio

199 531 310 561 locum
333 527 438 559 hahet
463 527 498 558 in
521 524 643 566 angulo
665 523 917 564 conjunctionis
944 534 1047 556 venae
1083 521 1273 556 subclaviae
1302 527 1336 554 et
1369 521 1545 565 jugularis.
1589 524 1719 557 Forsan
1752 525 1790 559 in
1815 527 1887 560 Ba-

200 583 338 617 trachiis
359 582 474 616 similis
499 590 550 614 est
575 581 677 623 hujus
705 579 895 622 systematis
925 578 1101 611 decursus.

984 664 1020 706 ς.
1063 674 1096 696 2.

940 748 1152 781 C'lrcalatz'o.

237 868 336 900 Licet
361 879 430 899 non
451 866 568 908 inepte
589 863 772 905 separatim
793 869 861 893 tam
888 861 1071 901 arteriosa9
1096 871 1203 904 quam
1229 867 1353 892 venosa
1379 858 1554 893 circulatio
1575 860 1726 895 describi
1749 864 1884 908 possit,

191 936 293 956 unam
316 920 549 955 tantummodo
572 918 766 952 describere
788 917 1045 950 circulationem
1066 916 1151 947 mihi
1174 915 1292 948 melius
1325 915 1462 947 videtur
1481 941 1491 954 ‚
1524 917 1725 961 incipiendo
1751 933 1770 952 a
1802 933 1885 955 cor-

192 981 253 1020 de,
282 979 375 1025 quod
411 978 561 1023 quamvis
590 976 651 1007 hic
673 974 907 1017 imperfectius
937 973 1049 1009 adest,
1082 980 1192 1002 tamen
1222 980 1256 1003 et
1283 971 1344 1002 hic
1371 971 1601 1003 circulationis
1633 983 1790 1008 centrum
1823 986 1885 1011 est.

189 1037 259 1069 Cor
290 1036 395 1077 igitur
420 1036 457 1066 in
489 1031 674 1064 batrachiis
704 1030 860 1073 apprime
893 1029 1038 1072 simplex
1062 1037 1136 1069 est,
1160 1039 1230 1059 uno
1254 1027 1488 1059 tantummodo
1515 1038 1672 1061 constans
1703 1032 1884 1065 ventricu-

188 1093 221 1124 lo
250 1091 389 1134 unaque
415 1087 577 1121 auricula.
623 1087 735 1119 Omne
764 1086 940 1127 vestigium
965 1084 1221 1128 compositionis
1250 1096 1268 1116 e
1298 1083 1430 1117 duobus
1458 1084 1618 1118 cordibus
1647 1086 1762 1131 (quod
1782 1101 1885 1132 egre-

187 1149 237 1190 gie
256 1147 437 1180 videbatur
455 1146 491 1176 in
515 1143 714 1182 ΟῘιεῖοηίἰε,
738 1142 908 1184 Sauriis)
933 1141 993 1173 hic
1020 1141 1238 1173 obliteratum
1257 1149 1329 1181 est,
1360 1142 1564 1187 sanguisque
1596 1155 1697 1175 unam
1725 1151 1882 1178 tantum-

183 1203 287 1237 modo
308 1211 444 1247 portam
467 1200 573 1230 intrat
597 1207 629 1230 et
646 1198 715 1229 una
742 1197 976 1229 tantummodo
998 1197 1191 1241 expellitur.
1237 1198 1350 1230 Unica
1380 1199 1551 1237 auricula,
1577 1212 1663 1242 quae
1696 1200 1812 1242 adest,
1834 1208 1885 1234 est

184 1259 353 1299 rotunda,
376 1257 478 1288 latior
504 1253 617 1286 cordis
640 1254 738 1288 basi,
765 1252 929 1282 columnis
959 1254 1081 1283 nititur
1107 1255 1250 1283 carneis.
1287 1254 1454 1293 Aperitur
1480 1256 1516 1286 in
1541 1264 1703 1288 truncum
1727 1269 1884 1289 commu-

185 1329 264 1349 nem
293 1315 493 1347 arteria-rum
507 1335 517 1352 ‚
537 1309 670 1342 orificio
688 1307 791 1340 unico
808 1306 1023 1338 dextrorsum
1044 1306 1080 1337 111
1099 1306 1174 1338 basi
1193 1307 1327 1351 posito,
1349 1307 1492 1340 inferius
1515 1321 1620 1353 quam
1638 1319 1799 1356 apertura
1815 1323 1882 1345 au-

184 1371 325 1405 riculae.

227 1428 376 1460 Parietes
398 1425 606 1458 musculosae
625 1424 662 1455 in
679 1420 871 1455 ventriculo
887 1419 999 1453 cordis
1018 1420 1276 1451 Batrachiorum
1294 1427 1364 1452 tam
1384 1429 1465 1453 sunt
1489 1429 1605 1454 tenues
1623 1431 1663 1455 ut
1681 1423 1718 1455 in
1739 1422 1882 1460 diastole

185 1485 320 1527 sanguis
341 1485 378 1515 in
400 1483 476 1526 ipso
499 1479 603 1514 corde
628 1477 780 1523 conspici
800 1478 908 1522 possit
923 1502 933 1514 ‚
960 1476 1053 1521 quod
1074 1477 1111 1507 111
1132 1476 1256 1520 systole
1277 1487 1394 1508 rursus
1417 1477 1583 1519 pallescit.

227 1541 407 1583 Sanguinis
435 1546 668 1581 temperatura
694 1535 785 1566 ultra
823 1536 865 1568 50
896 1533 1019 1576 gradus
1051 1544 1121 1565 non
1145 1533 1339 1566 adscendit.
1397 1533 1499 1566 Color
1532 1535 1702 1576 sanguinis
1728 1536 1765 1568 in
1793 1536 1884 1572 bene

186 1598 292 1643 pastis
323 1597 408 1628 laete
436 1594 611 1632 rubescit,
635 1593 671 1622 in
694 1591 826 1633 jejunio
852 1590 1087 1622 laborantibus
1119 1590 1287 1633 pallescit.
1334 1590 1501 1632 Quamvis
1525 1592 1669 1634 analysis
1695 1593 1812 1626 nescio
1836 1606 1881 1627 an

188 1657 279 1689 facta
303 1656 368 1695 sit3
400 1652 599 1685 carbonium
626 1659 695 1682 tam
720 1649 755 1680 in
778 1659 927 1687 venoso‚
953 1660 1055 1691 quam
1082 1648 1119 1678 in
1144 1647 1306 1678 arterioso
1333 1647 1496 1686 sanguine
1515 1647 1650 1679 videtur
1681 1648 1882 1692 abundare,

188 1724 209 1745 e
231 1711 410 1753 nigredine
430 1708 548 1741 saltem
571 1707 638 1739 hoc
658 1705 755 1738 facile
777 1704 1003 1736 demonstrari
1030 1715 1127 1748 posse
1156 1701 1304 1734 videtur.
1351 1702 1392 1733 In
1418 1713 1543 1734 venoso
1574 1710 1684 1736 tamen
1716 1707 1882 1749 sanguine

190 1769 301 1810 major
324 1768 465 1809 hujusce
491 1763 658 1807 principii
687 1761 858 1806 quantitas
887 1760 1007 1797 adest,
1042 1771 1144 1804 quam
1168 1761 1202 1791 in
1227 1759 1412 1798 arterioso‚
1447 1760 1527 1803 quia
1562 1761 1606 1793 10.
1633 1760 1737 1793 Color
1767 1761 1884 1795 venosi

191 1824 362 1865 sanguinis
385 1822 513 1863 nigrior
533 1829 603 1857 est,
649 1820 702 1850 2⁰.
727 1818 807 1861 quia
828 1829 868 1848 ex
898 1815 956 1848 illa
985 1817 1175 1860 quantitate
1195 1815 1278 1847 aeris
1302 1816 1603 1860 athmosphaerici,
1630 1829 1716 1860 quae
1734 1817 1777 1850 ad
1800 1829 1880 1851 res·

190 1881 396 1924 pirationem
419 1877 604 1910 necessaria
626 1884 675 1909 est
698 1874 898 1918 oxygenium
922 1872 1116 1912 evanescit,
1140 1882 1206 1915 pro
1237 1884 1344 1916 eoque
1370 1883 1428 1914 gaz
1452 1871 1586 1904 acidum
1613 1874 1836 1909 carbonicum
1859 1885 1880 1909 e

188 1938 354 1979 sanguine
380 1936 541 1967 arterioso
563 1934 766 1978 exspiratur.

235 1994 333 2025 Inter
347 1993 430 2024 duos
450 1992 625 2034 sanguines
640 2015 649 2031 ‚
675 1998 785 2022 tamen
805 1989 912 2021 multo
933 1988 1044 2020 minor
1066 1985 1261 2018 differentia
1278 1995 1349 2029 est,
1372 1999 1475 2030 quam
1494 1987 1530 2019 in
1550 1986 1877 2022 haema-thermad-

195 2052 279 2089 bus,
304 2051 383 2094 quia
408 2048 585 2093 respiratio
607 2046 806 2092 imperfecta
830 2046 938 2077 adest.

238 2107 323 2141 Aeri
350 2106 521 2149 expositus
548 2103 681 2145 sanguis
707 2103 795 2135 hene
822 2111 996 2146 pastorum
1026 2101 1097 2133 abit
1120 2101 1157 2132 in
1182 2100 1357 2143 coagulum
1384 2102 1607 2142 unguinosum
1639 2101 1718 2134 ssavi
1744 2101 1876 2136 coloris.

239 2163 343 2207 Quod
372 2164 441 2205 jam
478 2161 521 2194 ad
548 2160 800 2193 circulationem
841 2160 969 2204 ipsam:
1008 2166 1148 2189 truncus
1180 2157 1368 2190 communis
1405 2158 1605 2190 arteriarum
1636 2159 1746 2191 statim
1782 2159 1873 2192 divi·-

198 2219 293 2253 ditur
323 2221 359 2252 in
402 2219 469 2251 duo
505 2218 666 2259 brachia,
702 2217 859 2249 dextrum
891 2216 1160 2259 sinistrumque,
1196 2226 1283 2259 quae
1319 2225 1440 2247 vocare
1471 2226 1584 2257 posses
1620 2217 1758 2248 arterias
1786 2214 1873 2248 sub..

197 2276 333 2311 clavias.
390 2273 806 2319 Utrumque‘brachium
845 2273 880 2304 in
915 2281 981 2305 tres
1018 2284 1128 2304 ramos
1165 2271 1339 2315 principes
1374 2272 1454 2303 exit.
1513 2272 1662 2302 Primum
1696 2271 1876 2316 minusque

197 2345 262 2377 par
292 2332 469 2377 pulmones
497 2331 568 2362 adit
592 2339 625 2364 et
656 2343 718 2375 per
748 2330 885 2363 illorum
918 2329 1154 2372 superficiem.
1181 2329 1218 2361 in
1249 2337 1317 2361 tres
1344 2327 1489 2360 divisum
1517 2326 1722 2359 ramusculos
1741 2338 1874 2372 repen·

1822 2383 1873 2417 los
