2080 2744
435 199 790 238 COMMENTATIO
813 206 865 233 AD
889 196 1233 243 QUAESTIONEM
1254 198 1584 232 zooLOGICAM.
1811 199 1850 231 15

245 298 383 333 RANA.

204 355 328 397 Digiti,
349 351 468 385 saltem
490 351 652 396 plurimi,
680 350 775 395 apice
795 350 977 384 tenuiores,
999 347 1132 390 Digitus
1149 347 1344 390 plantarum
1365 353 1507 390 quartus
1526 345 1751 389 longissimus.
1774 345 1845 378 Pa:

161 410 290 445 rotides
312 420 411 443 verae
433 407 558 440 nullae.

200 470 348 501 Dorsum
369 465 544 509 utrimque
565 465 769 506 angulatum.

202 525 330 557 Dentes
352 523 390 554 in
412 520 554 554 maxillis
577 529 610 554 et
630 520 756 564 palato.

205 583 317 614 Rana
338 579 570 620 temporaria.
596 578 662 620 (1)
685 578 729 611 R.
753 577 881 619 plantis
905 577 1087 621 palmatis,
1113 575 1215 609 dorso
1243 575 1424 618 angulato‚
1449 574 1523 606 fere
1546 572 1680 615 glabro,
1705 572 1843 605 artubus

160 636 299 680 posticis
322 634 533 676 longissimis.
579 635 726 667 Dorsum
755 642 944 667 transverse
965 635 1107 676 gibbum
1123 657 1132 673 ‚
1156 633 1326 665 abdomen
1349 630 1576 673 granulosum.

203 691 418 737 Synonymia.
464 692 576 723 Rana
599 690 765 722 manibus
790 690 1044 732 tetradactylls
1066 689 1192 732 fissis,
1211 689 1355 731 plantis
1380 686 1626 730 hexaclactylis
1643 686 1844 729 palmatis,

462 747 595 789 pollice
617 746 790 787 longiore.
815 744 924 777 Lirm.
947 746 994 779 F.
1021 745 1124 778 Suee.
1147 745 1221 779 Ed.
1240 745 1275 779 I.
1292 756 1335 788 p.
1352 745 1408 786 94.

469 802 529 834 La
552 813 686 833 rous-se.
711 802 870 846 Lacep.
901 801 1039 842 Quadr.
1070 800 1172 844 Ovz'p.
1198 803 1229 834 I.
1249 803 1377 844 P·525'²

472 857 586 887 Ra'na
608 857 712 888 dorso
730 858 958 898 planias-culo
981 858 1257 898 sab-angzclalo.
1290 858 1418 888 Linn.
1446 857 1483 888 S.
1506 856 1558 889 N.
1582 856 1653 888 Ed.
1677 856 1726 888 X.

468 910 577 942 Rana
598 912 831 954 temporaria.
857 911 991 945 Gmel.
1018 911 1114 956 Syst.
1138 913 1232 944 Nat.
1256 912 1366 943 Lina.
1381 913 1415 944 I.
1438 924 1480 954 p.
1509 913 1602 952 ⁷053·
1637 911 1847 944 Schneid.

515 967 569 999 H.
593 969 714 1010 ampli.
739 969 771 1000 I.
796 980 841 1011 p.
869 979 942 1009 1¹3·
979 967 1168 1003 Daudin.
1203 968 1302 1000 Rem.
1335 979 1377 1010 J]-
1409 969 1458 1000 16.
1503 968 1706 1001 Merrem.
1742 967 1846 999 Tent.

521 1023 559 1055 S.
583 1022 635 1055 A.
651 1035 694 1066 P.
712 1025 783 1067 1y5.

205 1083 307 1115 Iconi
476 1078 671 1123 Bradley
691 1081 784 1113 Nat.
810 1082 991 1125 aet-fig.
1008 1094 1036 1115 ι.
1081 1080 1209 1114 ΒὸεθΙ
1232 1082 1253 1112 Ζ.
1276 1081 1299 1112 Z.
1325 1081 1453 1113 tom.I.
1467 1080 1540 1122 fig.
1564 1080 1596 1112 I.

477 1135 667 1169 Daudin.
690 1138 788 1169 Ran.
815 1137 885 1169 tab.
906 1142 952 1169 15.
969 1137 1086 1181 sig-2.

208 1196 321 1228 Nota.
375 1192 493 1224 Variat
515 1193 602 1223 cutis
629 1192 733 1224 color.
778 1193 819 1223 In
841 1191 914 1223 aliis
943 1193 1055 1224 fuscus
1087 1201 1157 1231 est,
1182 1194 1219 1224 in
1247 1193 1321 1224 aliis
1343 1192 1413 1223 fere
1440 1192 1556 1232 niger,
1583 1191 1619 1222 in
1643 1191 1714 1223 aliis
1734 1191 1850 1223 rubris

163 1250 349 1291 variegatus
370 1245 528 1282 maculis,
555 1257 641 1288 quae
659 1245 861 1277 variationes
883 1256 925 1274 an
940 1253 1134 1277 constantes
1152 1247 1242 1287 sint,
1265 1265 1310 1271 -—
1331 1246 1455 1278 nescio.
1488 1247 1530 1278 In
1550 1247 1641 1279 ranis
1663 1247 1851 1279 insularum

167 1307 276 1338 Texel
294 1312 328 1337 et
350 1302 535 1335 Amelcmcl
555 1301 676 1333 rubras
701 1300 774 1333 illas
797 1299 982 1346 praecipue
1007 1302 1182 1335 observavi
1203 1302 1361 1336 maculas,

206 1359 418 1393 Habitatio.
455 1359 543 1390 Tota
566 1359 714 1402 Europa.
770 1357 811 1388 In
846 1357 925 1389 Asia
948 1357 1140 1402 Africfique
1163 1360 1340 1392 inventam
1366 1371 1435 1391 esse
1464 1367 1580 1391 narrat
1613 1360 1782 1393 Valnzont
1811 1361 1854 1391 cle

165 1418 321 1451 Bomare
344 1416 380 1446 in
401 1425 484 1448 voce
508 1415 721 1447 Grenouille.
769 1414 896 1445 Pascua
911 1412 1055 1457 locaque
1078 1427 1254 1447 nemorosa
1275 1416 1482 1459 frequentat.
1510 1416 1638 1447 Ranam
1659 1423 1854 1448 terrestrem

165 1485 286 1507 vocare
309 1483 423 1517 posses
437 1497 446 1509 ‚
472 1471 556 1502 dum
578 1483 661 1502 rana
681 1469 854 1502 esculenta
877 1477 1034 1511 aquatica
1057 1469 1206 1503 dicenda
1228 1479 1325 1504 esset.

214 1529 334 1562 Cibus.
359 1528 512 1563 Insecta‚
538 1525 717 1564 mollusca,
743 1538 884 1559 vermes.

210 1584 404 1617 Generatz‘o
430 1592 480 1614 est
502 1595 544 1614 ex
571 1593 633 1615 ovo
661 1583 922 1614 membranaceo
947 1583 1130 1622 gelatinoso
1161 1584 1254 1625 quod
1277 1596 1295 1614 a
1320 1595 1410 1614 mare
1437 1583 1645 1615 secundatur
1675 1597 1779 1628 quum
1809 1598 1849 1617 cx

169 1641 241 1674 alvo
262 1638 377 1671 matris
399 1636 526 1682 prodit.
573 1635 685 1667 Mares
704 1633 854 1676 pulvillis
876 1636 996 1668 iisdem
1018 1637 1055 1667 in
1075 1636 1201 1679 pollice
1233 1636 1382 1679 gaudent
1412 1639 1536 1680 quibus
1565 1652 1664 1672 ranae
1693 1642 1850 1674 esculen-

168 1706 219 1730 tae
235 1723 244 1736 ‚
270 1693 411 1728 sacculis
439 1704 518 1726 vero
541 1691 807 1724 membranaceis
833 1691 896 1722 sub
926 1691 1061 1724 maxilla
1086 1693 1247 1726 inferiore
1274 1692 1428 1726 destituti
1450 1702 1542 1727 sunt.
1573 1696 1698 1729 Acrem
1718 1699 1852 1730 urinam

170 1754 210 1786 ab
232 1753 370 1785 inimico
391 1749 536 1781 minatae
559 1746 793 1789 ejaculantur3
818 1747 926 1779 multo
947 1747 1216 1792 frequentiorem
1233 1762 1270 1782 ae
1293 1762 1374 1781 rana
1395 1749 1591 1787 esculenta,
1614 1752 1767 1794 ejusdem
1787 1766 1849 1786 ve-

168 1822 207 1842 ro
228 1808 356 1852 saporis
384 1813 417 1838 et
444 1803 669 1844 acritudiuisg
697 1815 782 1848 quae
809 1803 846 1834 in
870 1803 1005 1836 oculum
1028 1805 1173 1845 jaculata
1190 1805 1296 1839 levem
1321 1814 1483 1850 provocat
1506 1806 1821 1842 inflammationem.

215 1865 325 1896 Rana
343 1861 536 1894 esculenta.
581 1859 623 1891 R.
645 1857 771 1902 plantis
790 1858 970 1905 palmatiS,
995 1861 1144 1894 verrucis
1175 1863 1361 1904 majoribus
1384 1862 1506 1906 sparsis
1530 1863 1566 1895 in
1602 1863 1703 1897 dorso
1727 1877 1852 1898 verru-

1786 1934 1847 1954 CO-

215 2001 268 2036 (ι)
298 2000 393 2026 Miram
414 1999 542 2034 quandam
561 1999 627 2024 mihi
641 2007 725 2033 nuper
741 2002 841 2028 narrari
857 2001 990 2029 credebam
1015 2001 1135 2029 fabulam.
1173 2002 1270 2029 Nautae
1295 2004 1364 2030 enim
1395 2003 1514 2037 quidam,
1535 2005 1686 2038 quibuscum
1709 2013 1852 2030 sermonem

171 2048 310 2081 iniverum,
340 2047 479 2072 narrabant
509 2046 595 2081 (quod
618 2047 670 2079 jam
693 2049 793 2082 saepius
823 2049 854 2075 ab
879 2050 938 2076 aliis
967 2050 1089 2076 affirmari
1113 2049 1279 2083 audiveram)
1308 2051 1334 2076 in
1358 2051 1449 2077 insulis
1474 2052 1552 2078 Texel
1575 2058 1601 2078 et
1624 2052 1748 2079 Amelaml
1778 2061 1854 2077 ranas

171 2103 276 2120 coaxat-e
297 2103 347 2119 non
364 2094 456 2120 solere.
498 2095 545 2120 Rei
562 2103 663 2121 causam
680 2104 829 2129 cognoscere
846 2098 949 2131 cupiens
968 2098 1103 2132 fluentem,
1120 2097 1189 2123 illico
1204 2097 1262 2123 illos
1273 2106 1361 2131 rogare
1378 2100 1464 2133 coepi,
1487 2109 1520 2125 an
1540 2099 1622 2134 mihi,
1645 2100 1852 2131 ffataoccasione‚

172 2141 294 2176 quasdam
312 2141 414 2166 mittere
431 2141 526 2168 vellent
540 2141 687 2168 insulicolas
709 2151 793 2170 ranas.
828 2143 871 2170 Illi
893 2145 1075 2179 promiserunt.
1110 2145 1171 2171 Post
1193 2145 1377 2172 hebdomadem
1402 2153 1427 2173 et
1445 2147 1511 2181 quod
1532 2147 1680 2173 excurrebat
1697 2147 1781 2180 accepi
1810 2147 1852 2171 in—

172 2198 231 2222 gens
253 2196 294 2213 vas
315 2188 443 2221 ligneum⁷
459 2189 528 2214 ranis
552 2189 663 2222 sartum,
687 2191 813 2225 simulque
827 2201 927 2218 mecum
942 2193 1192 2219 communicaverunt
1208 2193 1292 2220 literis
1313 2193 1395 2220 nullas
1411 2204 1532 2221 ranarum
1546 2195 1642 2229 species
1657 2194 1711 2220 illie
1725 2193 1851 2226 inveniri,

174 2235 225 2260 nisi
241 2234 314 2269 illas,
330 2243 393 2269 quae
408 2244 464 2260 vase
477 2241 610 2261 contentae
625 2243 705 2264 crant.
730 2238 781 2264 Vas
795 2245 880 2265 autem
895 2239 963 2265 nihil
978 2240 1124 2267 continebat
1140 2241 1190 2267 nisi
1206 2249 1279 2269 ranas
1294 2243 1462 2278 temporarias
1479 2249 1504 2270 et
1524 2243 1629 2270 husones
1651 2242 1765 2268 cinereus
1787 2249 1851 2273 ‘11¹³-

175 2290 231 2306 rum
245 2287 335 2306 neutra
350 2289 454 2307 coaxare
468 2282 542 2309 solet.
569 2283 676 2314 Questio
695 2285 773 2317 igitur
789 2286 876 2311 statim
893 2293 949 2312 erat.
964 2287 1056 2315 soluta.

208 2327 239 2353 In
253 2328 343 2356 insulis
357 2329 435 2356 Texel
450 2335 476 2356 et
491 2329 615 2357 Ameland
629 2339 692 2357 rana
709 2331 788 2365 igitur
806 2333 933 2360 esculenta
948 2333 1034 2361 adesse
1050 2344 1099 2360 non
1115 2335 1224 2361 xidetur.

1074 2383 1142 2416 ΒΞ
