2080 2744
419 214 772 257 COMMENTATIO
808 227 859 251 An
890 207 1234 264 QI'JAESTIONEM
1268 216 1597 253 ZOOLOGICAM.
1804 223 1846 266 47

944 356 976 395 g.
1021 355 1052 386 6.

694 450 886 484 Cerebrum
912 456 949 482 εἰ
971 450 1126 483 medulla
1150 452 1312 493 spinalis.

205 568 234 600 E
257 566 327 599 tota
348 564 537 610 systematis
556 561 690 594 nervosi
715 560 954 592 constitutione
978 560 1068 603 (nisi
1088 562 1156 602 jam
1177 562 1335 594 omnibus
1364 561 1434 595 aliis
1458 573 1595 595 necesse
1624 563 1836 597 characteri..

163 624 227 657 bus
251 622 408 666 pateret)
442 619 538 651 facile
571 618 805 650 demonstratu
841 616 998 648 videtur:
1034 617 1210 648 batrachia
1239 619 1349 650 minus
1382 620 1565 663 composita
1597 621 1840 660 organisatione

161 679 327 722 gaudere,
361 689 463 719 quam
495 675 636 718 quidem
666 672 855 705 mammalia
879 680 912 704 et
940 684 1026 705 aves.
1072 673 1113 704 In
1143 674 1375 707 mammalibus
1411 676 1500 708 enim
1537 676 1652 707 demto
1680 678 1842 720 cerebro,

158 736 298 778 jamjam
325 733 434 765 omnis
461 732 529 763 vita
556 730 712 771 organica
741 728 909 760 evanescit
942 729 1034 770 (1).
1080 729 1265 762 Batrachus
1289 743 1369 763 vero
1386 756 1396 772 ‚
1421 733 1563 776 abrepto
1588 733 1747 771 cerebro,
1771 734 1840 765 sal-

164 790 269 822 tando
288 788 524 833 reptandoque
552 799 614 831 per
637 787 735 818 horas
757 793 791 817 et
816 784 886 816 dies
912 782 1024 827 plures
1056 785 1160 818 vitam
1185 786 1266 819 vivit
1288 789 1504 830 organicam,
1537 788 1639 820 immo
1671 801 1839 822 nonnun-

165 859 266 891 quam
289 845 502 889 aliquetenus
531 842 720 875 animalem.
841 879 848 883 -

200 901 299 934 Idem
323 901 536 931 observatum
556 900 592 929 in
616 898 787 940 piscibus,
821 908 850 928 e.
876 909 907 938 g.
938 897 974 927 in
1001 896 1145 937 anguilla
1172 900 1347 932 muraena.
1392 902 1431 932 In
1456 900 1647 938 molluscis‚
1680 902 1815 934 insectis
1833 925 1843 942 ‚

160 957 386 999 omnibusque
408 957 475 996 jam
504 953 744 985 invertebratis
779 952 903 984 haecce
932 954 1018 984 vitae
1051 951 1185 983 duratio
1218 955 1260 984 ad
1286 955 1455 987 inversam
1483 956 1649 988 rationem
1688 959 1756 1000 (ut
1795 958 1842 989 ita

161 1012 316 1055 dicam),
349 1022 473 1042 massae
512 1008 708 1041 medullaris
752 1007 908 1040 centralis
945 1009 1129 1040 constituta
1171 1020 1240 1040 esse
1273 1009 1423 1042 videtur.
1479 1012 1601 1055 Polypi
1636 1021 1670 1044 et
1706 1013 1840 1045 infuso-

161 1070 234 1107 ria,
269 1068 329 1099 ubi
369 1066 519 1098 animalis
553 1074 587 1097 et
624 1065 781 1106 organica
822 1064 949 1096 vitain
988 1076 1130 1096 massam
1170 1065 1412 1107 homogeneam
1453 1069 1579 1099 mixtae
1621 1076 1654 1099 et
1686 1069 1844 1101 confusae

163 1136 233 1157 esse
269 1123 451 1163 videntur,
488 1122 548 1153 ubi
588 1119 683 1152 nulla
717 1133 839 1162 organa
882 1121 1044 1152 centralia
1084 1121 1217 1153 obviam
1261 1121 1372 1162 fiunt,
1417 1122 1453 1154 in
1495 1124 1698 1167 quacunque
1733 1124 1842 1158 mole-

163 1181 239 1214 cula
273 1181 377 1212 vitam
420 1179 598 1222 possident
632 1176 900 1213 individualem,
948 1186 980 1208 et
1015 1177 1144 1220 ubique
1190 1189 1368 1209 nervosam
1407 1179 1579 1222 quandam
1619 1181 1842 1214 substantiam

161 1235 361 1274 insulamn,
389 1233 622 1275 (geisoleerd)
655 1241 692 1263 ut
726 1233 771 1263 ita
805 1231 938 1265 (licam.
975 1242 1007 1264 et
1040 1245 1103 1271 per
1135 1245 1204 1262 sese
1229 1235 1428 1264 existentem
1456 1234 1583 1267 habere
1616 1236 1726 1268 videri
1760 1250 1844 1276 pos-

162 1299 253 1324 sunt.
316 1291 512 1332 Antequam
546 1289 613 1328 jam
648 1285 690 1316 (le
730 1285 841 1316 nervis
883 1285 1015 1315 cerebri
1049 1295 1081 1318 et
1118 1288 1237 1330 spinae
1267 1301 1361 1330 agere
1393 1288 1592 1332 incipiamus
1613 1317 1621 1328 ,
1661 1292 1704 1324 de
1739 1277 1840 1326 cere-

159 1347 226 1381 bro
258 1347 334 1390 ipso
365 1345 532 1390 spinaque
564 1341 744 1374 medullari
780 1341 899 1385 paucis
938 1340 1126 1373 videndum
1167 1352 1227 1375 est.
1293 1345 1483 1376 Cerebrzcm
1521 1347 1557 1378 in
1591 1348 1681 1379 ranis
1721 1350 1843 1394 appri-

159 1414 214 1436 me
243 1400 386 1445 simplex
424 1399 538 1435 adest,
583 1397 754 1440 nullisque
791 1409 949 1440 gyrorum
982 1398 1175 1439 ambagibus
1204 1400 1344 1441 insigne.
1397 1401 1570 1434 BIetlulIae
1603 1405 1726 1448 spinali
1761 1406 1840 1437 dia-

158 1467 269 1492 metro
301 1457 405 1488 ferme
429 1454 599 1499 aequalis,
627 1451 841 1494 longitudine
873 1452 970 1494 louge
1003 1454 1147 1486 iulerior
1180 1464 1240 1488 est.
1303 1457 1343 1487 In
1379 1464 1446 1487 tres
1473 1467 1585 1499 partes
1629 1473 1698 1492 uon
1732 1462 1837 1506 inep-

158 1524 191 1547 te
219 1526 237 1546 a
271 1511 477 1556 quibusdam
510 1509 698 1548 dividitur,
734 1519 864 1552 partem
899 1510 1225 1554 hemisphaericam,
1259 1522 1391 1555 partem
1423 1513 1647 1548 thalamorum
1702 1520 1839 1560 optico-

160 1582 239 1602 rum
261 1593 270 1609 ‚
315 1576 516 1610 partemque
559 1564 719 1597 cerebelli
757 1574 791 1596 et
824 1565 989 1596 medullae
1023 1567 1233 1606 oblongatae.
1289 1569 1544 1612 Hemisphaeria
1567 1573 1635 1611 jam
1660 1583 1738 1605 sunt
1770 1575 1836 1606 ob-

160 1625 286 1666 longa,
329 1622 524 1664 formaeque
571 1621 639 1651 sere
690 1621 849 1658 conicae‚
897 1624 1012 1651 eorum
1052 1622 1163 1663 apices
1210 1624 1419 1654 constituunt
1461 1637 1581 1658 uel.VOS
1619 1627 1838 1671 olseium-ios,

161 1691 287 1714 crassos
317 1679 483 1721 griseique
520 1676 652 1708 coloris.
712 1676 906 1718 Antequam
938 1687 1017 1707 vero
1054 1677 1154 1708 hosce
1184 1690 1304 1710 nervos
1330 1680 1506 1718 emittant,
1539 1682 1574 1712 in
1609 1695 1713 1716 unum
1750 1698 1838 1719 con-

162 1737 303 1775 fluunt,
348 1732 586 1775 gangliumque
628 1732 788 1763 formant.
843 1732 974 1764 Postice
1006 1734 1223 1765 commissura
1258 1735 1423 1767 anteriore
1457 1738 1573 1769 ambae
1614 1739 1707 1771 bases
1752 1754 1838 1774 con-

160 1794 372 1834 junguntur,
408 1790 542 1820 interne
581 1799 659 1821 cava
691 1796 791 1827 sunt,
824 1788 1073 1832 ventriculique
1112 1802 1293 1833 corporum
1333 1791 1527 1825 striatorum
1557 1794 1694 1837 analoga
1725 1799 1837 1831 conti-

162 1856 259 1881 nent.

206 1903 356 1935 Ulterius
378 1903 444 1943 jam
464 1900 690 1945 encephalum
721 1899 885 1939 tendenS,
909 1900 943 1932 in
973 1902 1139 1944 amboque
1171 1903 1275 1936 latera
1308 1913 1501 1942 extensum,
1532 1905 1614 1938 duas
1647 1909 1747 1942 offert
1775 1923 1837 1944 ex-

162 1960 343 2004 pansiones
372 1957 630 2001 sphaeroideas,
657 1968 738 2000 quas
770 1955 991 1989 thalamorum
1018 1959 1208 2001 opticorum
1232 1961 1368 1992 nomine
1389 1963 1549 2003 insignire
1568 1964 1689 1998 solent.
1737 1967 1839 2000 Color

161 2024 319 2048 externus
354 2022 403 2046 est
429 2013 574 2055 griseus,
607 2013 829 2057 internusque
860 2014 1022 2046 albicans.
1076 2016 1348 2064 Ventriculosam
1383 2026 1528 2063 uterque
1568 2021 1665 2053 offert
1709 2024 1836 2056 cavita-

161 2081 249 2112 tem,
285 2083 359 2104 cum
386 2071 564 2102 cerebrum
593 2082 610 2102 e
645 2071 759 2116 cranio
791 2070 965 2102 desumere
1005 2080 1142 2104 conatus
1180 2084 1307 2113 essem,
1349 2074 1555 2117 pulcerrime
1596 2077 1632 2108 in
1665 2078 1735 2111 basi
1766 2081 1834 2112 mi-

161 2129 198 2160 hi
224 2135 456 2173 apparuerunt
488 2127 583 2158 nervi
616 2127 720 2168 optici
743 2138 877 2166 crucem
905 2127 1098 2160 formantes.
1142 2129 1213 2161 Nec
1246 2131 1281 2161 in
1306 2131 1455 2174 piscibus
1492 2145 1554 2165 nec
1588 2134 1623 2165 in
1656 2135 1719 2167 alio
1752 2149 1836 2180 rep-

163 2185 212 2217 tili
237 2192 302 2216 tam
335 2182 495 2215 distincta
527 2191 560 2214 et
591 2182 712 2225 pulcra
737 2183 859 2215 haecce
892 2183 975 2215 mihi
1002 2186 1294 2231 crucis-formatio
1325 2188 1392 2221 visa
1422 2197 1494 2232 est,
1529 2203 1628 2233 quam
1668 2192 1705 2223 jn
1744 2195 1839 2228 ram]-

1759 2249 1838 2282 An-

200 2328 254 2364 (ι)
280 2328 320 2361 Cf.
339 2330 358 2355 B
371 2330 378 2355 i
390 2329 470 2356 chat
490 2326 642 2355 recherches
659 2329 769 2364 physiol,
787 2339 830 2357 sur
845 2330 870 2358 la
884 2330 922 2357 vic
938 2336 963 2357 et
979 2332 1003 2358 la
1020 2339 1099 2360 mort.
