2080 2744
471 189 825 226 COMMENTATIO
852 195 903 221 AD
927 187 1270 234 QUAESTIONEM
1295 189 1623 225 ZOOLOGICAM.
1852 194 1891 225 6ι

209 288 287 325 dos,
306 284 555 329 dissepimentis
572 281 836 315 membranaceis
856 293 873 312 a
894 292 929 313 se
948 281 1094 313 invicem
1114 280 1259 321 divisos‘,
1282 282 1433 324 vasisque
1451 283 1640 324 sanguineis
1661 292 1730 315 non
1747 282 1885 315 abunde

208 344 397 376 distinctos.
434 339 562 381 Viginti
582 350 695 371 saccos
719 338 756 369 in
778 337 898 379 magna
919 345 952 368 et
976 335 1093 368 adulta
1121 337 1205 367 rana
1230 336 1370 376 inveni,
1398 336 1433 367 in
1454 345 1601 382 utroque
1622 338 1726 370 latere
1757 337 1888 370 decem.

209 397 423 441 Expanslione
448 397 727 435 membranacea,
750 393 834 428 vasis
855 392 1060 437 pulcerrime
1086 391 1269 432 distincta,
1295 390 1434 422 renibus
1463 392 1625 433 juugitur.
1672 393 1744 424 Ova
1767 393 1887 425 similia

208 455 242 485 in
259 464 473 496 quocumque
495 450 620 483 adsunt.
641 462 759 489 saceo3
782 460 895 481 omnes
919 449 1022 490 igitur
1049 449 1138 479 sacci
1161 448 1198 479 in
1219 447 1311 480 coitu
1336 447 1516 480 dilacerari
1535 448 1684 489 dehent,
1709 451 1744 482 in
1770 452 1883 483 onni-

208 512 273 542 bus
294 511 384 543 enim
403 522 462 543 ova
482 517 549 541 tam
568 505 755 553 praesentis
777 503 857 535 anni
871 504 1006 543 inveni,
1032 515 1132 547 quam
1155 514 1215 535 ova
1234 515 1402 535 annorum
1421 503 1629 537 futurorum.
1656 505 1804 551 'Haecee
1827 518 1887 540 ova

209 566 465 607 distinguuntur
490 563 656 597 invicem,
683 560 725 592 ad
754 559 919 592 rationem
944 558 1123 591 voluminis
1146 560 1181 590 et.
1203 558 1245 590 ad
1265 559 1431 592 rationem
1454 560 1598 600 coloris3
1626 564 1684 593 ova
1709 562 1800 600 enim
1819 564 1886 604 jam

208 624 276 663 jam
298 619 458 662 ponenda
483 616 589 649 multo
615 617 742 658 majora
772 624 878 654 sunt,
904 627 1004 659 quam
1031 625 1090 647 ova
1113 613 1171 645 diu
1198 614 1311 647 adhuc
1337 628 1558 660 permansura
1582 617 1616 647 iu
1644 627 1788 659 corpore
1809 630 1884 650 ma-

209 677 289 714 tris,
317 674 408 706 color
441 682 474 705 ct
503 684 640 704 ovorum
665 673 743 703 anni
765 671 952 715 praesentis
983 669 1207 702 semi-fuscus
1236 679 1268 703 et
1299 671 1508 710 seminavus,
1535 684 1595 704 ova
1614 683 1693 705 vero
1720 686 1887 706 annorum

206 734 397 762 iuturorum
418 737 496 759 sunt
511 728 593 759 ssava
617 728 695 769 (1).
1015 760 1028 777 L)

251 789 306 819 An
330 796 408 817 vero
433 785 556 815 haecce
574 782 685 815 oraria
709 796 726 815 a
744 784 919 827 pressione
946 783 1079 826 pollicis
1104 783 1217 816 callosi
1241 785 1341 816 maris
1367 795 1465 816 ranae
1486 785 1519 815 in
1542 787 1630 818 coitu
1654 787 1881 819 dilacerentui
1902 775 1904 779 ,

207 841 328 887 (quod
351 839 411 873 Cli.
436 840 624 872 Prevost
646 848 679 871 et
702 839 850 871 Dumas
865 863 875 880 ,
900 839 1044 870 affimare
1062 838 1243 880 videntur)
1268 840 1393 872 neseio.
1422 841 1509 873 Mihi
1530 843 1645 874 saltem
1666 855 1733 874 non
1753 843 1904 885 proba--

204 901 271 932 bile
286 898 441 937 videtur,
466 895 543 939 quia
563 896 696 939 saepius
715 908 732 927 a
752 895 831 928 viris
847 894 956 926 doctis
969 918 977 933 ‚
1002 896 1103 925 immo
1123 902 1156 924 et
1176 894 1276 924 etiam
1295 907 1312 925 a
1329 907 1380 926 me
1399 895 1474 937 ipso
1496 897 1709 930 observatum
1729 907 1799 939 est,
1824 911 1883 929 ra-

207 967 326 988 narum
343 953 481 985 seminas
498 951 625 994 absque
642 951 732 981 coitu
749 962 807 982 ova
826 961 973 992 ponere,
998 961 1084 993 quae
1105 957 1176 982 tum
1194 961 1274 983 vero
1292 949 1399 993 (quod
1419 962 1552 982 necesse
1569 955 1703 987 evenire
1724 955 1884 997 debebat)

206 1023 273 1042 nou
296 1006 446 1039 fecunda
465 1013 574 1037 erant.
620 1005 903 1038 Inflammatoriae
937 1003 1147 1036 solummodo
1169 1005 1272 1047 igitur
1294 1006 1484 1048 affectioni,
1509 1020 1525 1038 e
1547 1008 1682 1040 Venere
1704 1018 1882 1052 oestroque

204 1065 324 1098 amoris
350 1060 538 1101 oriundae,
572 1068 653 1092 tune
693 1061 856 1105 temporis
885 1061 995 1093 oraria
1023 1061 1208 1098 excitanti,
1232 1062 1347 1104 potius
1376 1062 1571 1094 dilaceratio
1597 1062 1656 1094 illa
1681 1064 1883 1098 adscriben-

204 1123 246 1153 da
271 1129 331 1153 est.

253 1176 487 1210 Oviduetuum
527 1175 633 1216 figura
669 1182 719 1206 est
753 1175 1009 1217 elegantissima.
1065 1175 1106 1206 In
1141 1174 1209 1206 duo
1245 1173 1337 1207 enim
1370 1173 1632 1218 hypoehondria
1672 1177 1774 1220 positi
1808 1188 1886 1210 sunt

204 1235 292 1278 gjlis
322 1231 492 1273 eleganter
521 1230 707 1262 convolutis
733 1231 775 1262 ab
801 1231 955 1270 apicibus
979 1242 1146 1261 cornuum
1168 1232 1257 1262 uteri
1279 1230 1495 1262 adscendunt
1521 1242 1630 1275 usque
1658 1233 1699 1264 ad
1728 1235 1884 1276 pericar-

203 1290 296 1320 (lium
310 1311 319 1327 ,
345 1287 399 1318 cui
418 1294 455 1317 ut
476 1294 509 1317 et
530 1285 712 1326 ligamento
737 1284 956 1327 suspensorio
982 1283 1113 1327 hepatis
1140 1293 1232 1316 arcte
1253 1296 1370 1316 eorum
1391 1286 1520 1317 orilieia
1542 1287 1742 1320 adhaerent.
1788 1288 1882 1321 Sub-

202 1345 342 1376 stantiae
371 1349 450 1373 sunt
473 1339 634 1386 pulposae
660 1338 731 1381 (ita
754 1346 793 1369 ut
816 1338 951 1371 summis
983 1352 1059 1371 cum
1089 1338 1345 1371 difficultatibus
1370 1342 1588 1383 praeparatio
1609 1341 1827 1376 oviductuum
1851 1355 1883 1378 ct

202 1400 288 1430 uteri
311 1399 428 1439 juncta
450 1396 527 1438 sit).
572 1397 612 1426 In
643 1395 782 1426 orificiis
817 1396 947 1436 angusti
977 1404 1056 1427 sunt
1086 1395 1276 1428 oviductus.
1323 1395 1455 1427 Sensim
1483 1397 1674 1440 sensimque
1700 1410 1779 1430 vero
1808 1413 1884 1432 an]-

202 1455 404 1498 plilicantur
420 1475 429 1492 ,
463 1454 507 1482 ita
544 1459 583 1481 ut
617 1458 751 1482 uterum
794 1450 961 1483 intrantes
1006 1451 1083 1482 satis
1118 1463 1272 1491 magnam
1310 1451 1459 1483 habeant
1498 1451 1712 1484 diametrum.
1770 1454 1886 1487 Metiri

204 1510 386 1542 diametros
423 1518 491 1538 non
525 1505 638 1545 volui,
676 1506 807 1551 quippe
838 1519 923 1549 quae
959 1507 994 1537 in
1025 1506 1126 1538 variis
1159 1505 1345 1538 individuis
1384 1505 1561 1546 differant,
1597 1520 1660 1540 nec
1690 1512 1794 1553 igitur
1828 1528 1885 1547 sa-

202 1565 243 1596 tis
272 1564 406 1594 firmam
434 1561 530 1593 basin
554 1560 673 1593 offerre
699 1562 841 1604 possint.
887 1562 1008 1594 Inveni
1035 1560 1211 1593 oviductus
1241 1563 1300 1604 qui
1329 1571 1449 1605 quater
1481 1561 1694 1603 longitudine
1723 1576 1882 1603 truncum

204 1627 416 1664 superarent.
464 1616 644 1660 Quomodo
665 1626 776 1648 autem
799 1630 859 1650 ova
884 1630 923 1649 ex
951 1616 1069 1649 ovariis
1096 1616 1131 1646 iu
1153 1615 1349 1648 oviduetum
1370 1620 1590 1662 perveniant,
1617 1622 1675 1654 diu
1699 1622 1883 1658 dubitave-

203 1683 285 1708 runt
311 1674 374 1707 viri
404 1673 508 1705 docti.
553 1672 677 1704 Ovaria
705 1672 796 1703 enim
819 1680 886 1705 tam
909 1671 1007 1713 longe
1038 1671 1166 1703 distant
1194 1672 1235 1703 ab
1265 1672 1505 1715 oviductibus,
1538 1676 1784 1723 oviduetusque
1817 1691 1884 1715 tam

208 1731 305 1762 firme
326 1727 518 1773 pericardio
536 1726 742 1767 adhaerent,
766 1735 804 1758 ut
823 1727 959 1759 illorum
980 1725 1159 1758 inclinatio
1185 1739 1286 1772 super
1321 1729 1430 1760 ovaria
1460 1730 1592 1764 admitti
1615 1746 1773 1779 nequeat,
1819 1739 1886 1770 Diu

206 1788 329 1818 haecce
355 1784 505 1828 quaestio
533 1793 629 1812 causa
663 1783 856 1814 certaminis
885 1782 949 1813 suit
981 1780 1203 1824 physiologici
1232 1783 1324 1814 inter
1351 1784 1825 1824 Swammerdammium
1848 1802 1881 1825 et

208 1843 395 1884 Oligeru
408 1854 439 1871 m
474 1838 764 1878 Jacobaeum,
798 1839 834 1870 in
871 1849 938 1881 quo
971 1836 1420 1871 Swammerdammius
1449 1842 1531 1873 mihi
1556 1843 1711 1886 videtur,
1735 1847 1881 1891 palmam

208 1898 337 1931 aemulo
361 1895 570 1939 surripuisse.
619 1893 1061 1927 Swammerdammius
1086 1894 1199 1934 enim,
1224 1907 1321 1927 verae
1351 1896 1588 1943 philosophiae
1615 1901 1778 1934 naturalis
1804 1911 1880 1936 stu-

208 1956 344 1994 diosus,
377 1951 493 1984 melius
536 1950 715 1990 ducebat,
748 1962 872 1993 organa
908 1949 1036 1980 minute
1068 1948 1284 1990 describere,
1314 1963 1474 1995 suamque
1503 1964 1677 1986 causarum
1712 1956 1880 1998 ignoran-

208 2012 288 2043 tiam
309 2010 452 2051 ingenue
476 2005 649 2048 profiteri,
674 2017 776 2048 quam
801 2005 915 2037 arduis
939 2016 1002 2037 nec
1034 2005 1271 2036 demonstratis
1292 2006 1536 2050 hypothesibus
1560 2008 1796 2050 phaenomena
1822 2026 1885 2046 ex—

210 2066 352 2110 plicare.
399 2064 547 2103 Iugenue
570 2062 671 2103 igitur
690 2062 866 2105 &consessus
893 2070 941 2096 est.
966 2073 999 2093 se
1022 2073 1091 2093 non
1117 2061 1306 2104 intelligere
1330 2064 1475 2105 potuisse
1498 2064 1636 2097 modum
1658 2078 1725 2109 quo
1758 2080 1817 2101 ova
1845 2082 1885 2101 cx

1807 2137 1891 2159 Ova·

244 2222 253 2255 (
268 2228 279 2246 ι
295 2220 303 2252 )
329 2219 366 2245 Cl.
386 2218 424 2245 Cl.
444 2218 582 2243 Prcvost
601 2225 624 2244 ct
642 2217 766 2245 Dumas
788 2219 917 2254 (Annales
941 2219 984 2245 des
1003 2219 1119 2245 Sciences
1136 2218 1274 2244 naturelles
1294 2225 1355 2247 tom.
1372 2219 1406 2246 ΙΙ.
1433 2229 1487 2254 pag.
1504 2231 1567 2254 100,
1584 2221 1674 2255 seqq.)
1693 2229 1842 2256 narrarunt,
1862 2224 1888 2249 in

213 2267 264 2290 siris
281 2266 449 2299 sagacissimis
470 2267 648 2299 experimentis
671 2276 747 2300 super
766 2267 935 2293 evolutionem
952 2268 1036 2301 gyrini
1055 2268 1195 2299 institutis,
1215 2275 1259 2291 ova
1285 2267 1344 2291 anni
1371 2267 1449 2291 futuri
1473 2277 1525 2292 esse
1550 2274 1602 2294 tota
1625 2269 1702 2296 fusca.
1745 2270 1782 2295 Ab
1805 2271 1888 2304 Aprili

212 2321 272 2339 vero
290 2322 376 2339 mense
392 2323 470 2347 uzqu:
490 2314 520 2339 ad
536 2314 709 2348 Ssptembrcm
727 2313 853 2340 dissecans
872 2323 964 2349 ranas,
984 2314 1051 2341 nulla
1073 2316 1121 2340 nisi
1140 2315 1276 2340 semilusca
1295 2320 1318 2338 et
1336 2314 1464 2339 semissava
1483 2323 1511 2340 ac
1530 2321 1583 2341 tota
1602 2316 1664 2342 {lava
1682 2317 1775 2345 inveni.

1193 2362 1264 2394 115
