2080 2744
214 203 258 237 52
611 195 658 230 Η.
744 196 788 233 Ι...,·
871 202 996 229 *ΑΝ
1081 194 1509 240 ALTENA,

256 462 684 499 SPLANCHNOLOGIA
706 461 851 496 VITAE
874 463 1169 498 ORGANICAE:
1195 465 1478 500 SYSTEMAT'A
1503 466 1839 506 ABSORPTIOMS
1854 496 1870 515 9

443 532 829 572 CIRCULATIONIS,
852 532 1230 576 RESPIRATIONIS,
1253 535 1569 570 EXCRETIONIS
1603 537 1680 582 (1).

221 680 386 730 Maxi-ma
414 701 494 736 pars
528 689 665 722 illorum
687 697 909 732 organorum,
935 701 1020 734 quae
1043 690 1130 724 vitae
1160 691 1337 733 organicae
1363 693 1572 731 inserviunt,
1600 694 1637 724 in
1661 693 1768 725 hocce
1790 698 1906 739 capite

222 750 306 783 mihi
328 756 379 781 est
405 747 644 779 describenda.
689 746 745 779 Ad
767 746 993 790 physiologiae
1017 747 1170 789 dogmata
1191 748 1348 780 ordinem
1373 748 1617 779 constituturus
1636 747 1719 779 mihi
1743 750 1905 792 videbar,

221 807 247 838 si
269 818 287 837 a
310 804 532 847 deglutitione
552 803 743 847 incipiens,
766 812 951 846 posteaque
979 802 1021 834 de
1043 803 1228 845 digestione
1247 816 1367 845 agens,
1391 805 1529 846 jamjam
1547 816 1724 847 pergerem
1744 806 1786 837 acl
1808 806 1902 850 lym-

219 862 359 906 phatica
384 872 470 894 vasa.
513 859 600 891 Vasa
637 859 846 902 lymphatica
876 867 988 891 autem
1013 860 1049 890 in
1075 860 1256 901 sanguinea
1286 859 1462 903 lympham
1495 871 1589 891 suam
1620 861 1802 902 emittunt,
1839 874 1901 894 va·-

219 931 253 950 sa
284 917 468 959 sanguinea
496 923 566 947 tam
593 923 686 947 arcte
717 927 794 947 cum
828 915 1048 960 pulmonibus
1075 915 1312 960 glandulisque
1349 915 1503 958 corporis
1537 915 1742 958 cohaerent,
1771 926 1810 951 ut
1839 930 1905 951 se-

217 974 332 1020 parari
355 986 373 1007 a
395 984 429 1006 se
451 972 598 1007 invicem
628 983 698 1004 non
721 971 863 1015 possint.

1010 1089 1041 1131 §.
1088 1100 1124 1125 1.‘

800 1171 1006 1213 Deglutitio
1051 1182 1088 1207 et
1129 1175 1317 1218 Digestioss

231 1281 490 1327 *Deglutitionis
521 1290 646 1323 organa
679 1286 781 1319 sunt;
804 1279 940 1311 'cavitas
972 1281 1038 1312 oris
1072 1282 1109 1313 in
1139 1284 1250 1327 eaque
1279 1282 1417 1325 lingua,
1450 1292 1486 1316 os
1516 1285 1725 1326 hyoideum,
1755 1296 1899 1319 muscu-

211 1342 255 1381 li,
279 1348 406 1382 guttur.
456 1337 602 1369 cavitas
625 1337 698 1367 oris
723 1343 798 1366 cute
823 1336 943 1371 vestita
972 1345 1058 1369 este
1081 1339 1238 1371 coeruleo
1257 1339 1425 1372 albicante
1441 1363 1450 1380 ,
1474 1350 1610 1371 mucore
1631 1340 1737 1372 obsita
1754 1364 1766 1381 2
1784 1343 1899 1375 striis-

213 1409 281 1441 que
306 1394 471 1428 adornata
493 1392 766 1432 undulantibus‚
789 1391 910 1424 eodem
936 1392 1007 1424 fere
1036 1394 1139 1426 modo
1163 1407 1231 1437 quo
1256 1396 1357 1426 striae
1380 1407 1397 1426 e
1427 1394 1565 1439 papillis
1592 1396 1741 1427 nervosis
1775 1398 1897 1428 oriun-

212 1454 278 1485 dae
311 1453 347 1483 in
376 1461 479 1482 manu
502 1448 666 1488 hominis,
691 1448 788 1479 oculo
809 1460 878 1479 sese
909 1447 1069 1482 offerunt.
1115 1450 1279 1495 Superior
1309 1461 1388 1495 pars
1423 1459 1513 1482 arcte
1543 1450 1699 1483 cohaeret
1733 1463 1811 1483 cum
1836 1453 1896 1483 in·-

211 1509 313 1542 ferna
344 1505 527 1550 superficie
554 1505 677 1536 ossium
713 1505 819 1536 cranii
852 1512 886 1536 et
919 1504 1038 1541 faciei,
1072 1505 1246 1538 nullorum
1279 1505 1508 1538 musculorum
1534 1506 1743 1539 interventu.
1789 1508 1898 1539 Anti-

215 1578 253 1600 ce
279 1573 382 1608 atque
409 1562 452 1594 ad
479 1561 566 1592 latus
596 1560 757 1592 dextrum
783 1569 816 1592 et
840 1561 1017 1592 sinistrum
1047 1575 1066 1593 a
1091 1562 1226 1594 maxilla
1254 1562 1416 1594 inferiore
1440 1561 1654 1593 terminatur.
1696 1563 1900 1606 Apophyses

215 1619 440 1656 odontoideae
461 1617 583 1649 ossium
607 1614 835 1658 palatinorum
861 1617 1069 1647 anteriorum
1095 1625 1208 1649 cutem
1230 1617 1420 1660 perforant.
1468 1616 1579 1648 Offert
1600 1617 1722 1649 cavitas
1747 1619 1813 1650 oris
1840 1619 1898 1650 so-

212 1679 342 1712 ramina
372 1677 509 1707 iuterna
533 1672 667 1704 narium
698 1680 732 1702 et
762 1671 923 1703 tubarum
948 1672 1297 1705 Eustachianarum.
1344 1672 1482 1704 Maxilla
1500 1673 1641 1703 inferior
1665 1674 1898 1706 tantummodo

215 1744 266 1768 est
288 1744 384 1765 arcus
409 1741 541 1769 osseus,
564 1730 658 1770 cujus
680 1736 861 1760 curvatura
882 1728 1049 1760 musculos
1079 1729 1232 1761 continet
1258 1738 1292 1761 et
1313 1737 1437 1761 cutem.
1483 1730 1667 1761 Muswlos
1687 1730 1756 1770 jam
1779 1730 1896 1761 absol-

215 1792 321 1823 vimus
345 1790 381 1820 in
408 1788 515 1831 capite
531 1785 573 1817 de
593 1784 772 1828 myologia.
817 1785 858 1816 In
883 1784 1032 1816 maribus
1055 1784 1168 1817 Ranae
1200 1785 1391 1817 esculentae
1414 1797 1432 1817 e
1455 1785 1590 1826 regione
1617 1785 1687 1817 sere
1713 1793 1895 1828 apertura-

212 1860 291 1882 rum
310 1847 468 1878 tubarum
490 1843 794 1875 Eustachianarum
826 1842 913 1874 duae
939 1842 1063 1874 adsunt
1095 1842 1337 1885 cxpansffines,
1364 1854 1451 1887 quae
1480 1853 1554 1873 aere
1587 1841 1724 1885 impleri
1754 1850 1896 1884 possunt

213 1915 247 1938 et
275 1903 461 1936 coaxationi
492 1899 695 1931 inserviunt.
740 1898 914 1930 similibus
939 1899 1010 1930 fere
1033 1899 1297 1943 expansionibus
1328 1899 1363 1929 iu
1391 1906 1467 1930 cute
1503 1899 1642 1930 externa
1672 1898 1900 1940 respondent.

213 1962 352 2005 Ubique
378 1959 462 1991 cutis
484 1956 635 1989 maxillae
660 1954 830 1986 inferioris
853 1956 996 1997 margini
1023 1956 1204 1997 adhaeret,
1229 1957 1264 1988 in
1294 1955 1484 1999 anguloque
1504 1968 1544 1988 ex
1571 1955 1730 1987 ambabus
1751 1954 1894 1987 maxillis

216 2019 414 2053 coeuntibus
435 2014 581 2049 oriundo
603 2015 639 2045 in
662 2025 768 2044 unum
793 2017 863 2044 co‘i‘t
885 2021 1070 2057 gutturque
1095 2014 1228 2045 format.

262 2078 314 2110 Os
332 2074 522 2119 lzyoiclezcm
543 2072 669 2103 formae
690 2077 740 2101 est
764 2068 1017 2102 rhomboideae.
1055 2071 1210 2113 Quatuor
1229 2070 1388 2102 cornibus
1407 2070 1600 2102 instruitur.
1637 2068 1710 2099 Duo
1738 2069 1889 2101 anterio-

219 2147 276 2174 ra,
295 2133 435 2165 effluunt
455 2131 489 2160 in
512 2127 569 2158 fila
591 2125 844 2166 cartilaginosa,
870 2137 954 2168 quae
975 2139 1056 2170 gyro
1074 2125 1226 2170 elliptico
1243 2127 1410 2169 posticam
1429 2135 1551 2170 petunt
1573 2134 1728 2168 partem,
1752 2133 1785 2157 et
1803 2125 1889 2157 ossi-

217 2191 279 2221 bus
306 2185 550 2231 temporalibus
576 2182 618 2215 ad
640 2182 808 2226 posticam
828 2193 942 2214 eorum
966 2190 1098 2225 partem
1123 2181 1370 2224 adjunguntur.
1418 2183 1553 2215 Cornua
1586 2181 1654 2213 duo
1682 2181 1889 2224 posteriora,

1801 2248 1888 2280 quae

248 2336 277 2369 (1
291 2334 301 2367 )
327 2333 365 2359 Ad
381 2337 462 2358 totum
477 2332 552 2358 hocce
571 2335 648 2365 eaput
660 2329 825 2357 conserantur
844 2330 973 2357 Swamm
984 2339 996 2357 e
1005 2339 1017 2356 r
1026 2329 1041 2356 d
1051 2339 1065 2357 a
1076 2339 1099 2357 m
1109 2331 1169 2358 mii
1189 2329 1274 2357 Biblia
1293 2336 1398 2358 naturae
1407 2350 1415 2365 ,
1428 2339 1443 2357 a
1461 2339 1510 2365 quo
1526 2328 1637 2363 plurima
1654 2333 1784 2355 mutuatus
1802 2335 1867 2355 sum.
