<?xml version="1.0" encoding="UTF-8"?>
<!DOCTYPE html PUBLIC "-//W3C//DTD XHTML 1.0 Transitional//EN"
    "http://www.w3.org/TR/xhtml1/DTD/xhtml1-transitional.dtd">
<html xmlns="http://www.w3.org/1999/xhtml" xml:lang="en" lang="en">
 <head>
  <title>
</title>
<meta http-equiv="Content-Type" content="text/html;charset=utf-8" />
  <meta name='ocr-system' content='tesseract 3.04.00' />
  <meta name='ocr-capabilities' content='ocr_page ocr_carea ocr_par ocr_line ocrx_word'/>
</head>
<body>
  <div class='ocr_page' id='page_1' title='image "./commentatioadqua00vana_0030.png"; bbox 0 0 2080 2744; ppageno 0'>
   <div class='ocr_carea' id='block_1_1' title="bbox 246 213 1536 260">
    <p class='ocr_par' dir='ltr' id='par_1_1' title="bbox 246 213 1536 260">
     <span class='ocr_line' id='line_1_1' title="bbox 246 213 1536 260; baseline -0.001 -8"><span class='ocrx_word' id='word_1_1' title='bbox 246 227 286 260; x_wconf 73' lang='lat'><strong>25</strong></span> <span class='ocrx_word' id='word_1_2' title='bbox 507 236 512 243; x_wconf 61' lang='grc'><strong>«</strong></span> <span class='ocrx_word' id='word_1_3' title='bbox 638 217 684 252; x_wconf 89' lang='lat' dir='ltr'><strong>H.</strong></span> <span class='ocrx_word' id='word_1_4' title='bbox 770 214 814 249; x_wconf 53' lang='grc' dir='ltr'><strong>ιι</strong></span> <span class='ocrx_word' id='word_1_5' title='bbox 898 221 1021 248; x_wconf 58' lang='lat' dir='ltr'><strong>vin</strong></span> <span class='ocrx_word' id='word_1_6' title='bbox 1107 213 1536 255; x_wconf 80' lang='lat' dir='ltr'><strong>ALTENA,</strong></span> 
     </span>
    </p>
   </div>
   <div class='ocr_carea' id='block_1_2' title="bbox 245 304 1933 643">
    <p class='ocr_par' dir='ltr' id='par_1_2' title="bbox 245 304 1928 418">
     <span class='ocr_line' id='line_1_2' title="bbox 245 304 1928 361; baseline -0.009 -9"><span class='ocrx_word' id='word_1_7' title='bbox 245 320 389 361; x_wconf 81' lang='lat' dir='ltr'><strong>langem</strong></span> <span class='ocrx_word' id='word_1_8' title='bbox 415 313 548 358; x_wconf 83' lang='lat' dir='ltr'><strong>saepius</strong></span> <span class='ocrx_word' id='word_1_9' title='bbox 570 309 832 352; x_wconf 82' lang='lat' dir='ltr'><strong>cartilagineam.</strong></span> <span class='ocrx_word' id='word_1_10' title='bbox 878 306 1036 350; x_wconf 73' lang='lat' dir='ltr'><strong>Digitus</strong></span> <span class='ocrx_word' id='word_1_11' title='bbox 1061 306 1239 339; x_wconf 73' lang='lat' dir='ltr'><strong>secundus</strong></span> <span class='ocrx_word' id='word_1_12' title='bbox 1265 313 1303 340; x_wconf 79' lang='lat' dir='ltr'><strong>et</strong></span> <span class='ocrx_word' id='word_1_13' title='bbox 1330 309 1464 343; x_wconf 73' lang='lat' dir='ltr'><strong>tertius</strong></span> <span class='ocrx_word' id='word_1_14' title='bbox 1487 308 1628 343; x_wconf 68' lang='lat' dir='ltr'><strong>duabus</strong></span> <span class='ocrx_word' id='word_1_15' title='bbox 1652 308 1802 352; x_wconf 80' lang='lat' dir='ltr'><strong>gaudent</strong></span> <span class='ocrx_word' id='word_1_16' title='bbox 1826 304 1928 354; x_wconf 55' lang='lat' dir='ltr'>pha..</span> 
     </span>
     <span class='ocr_line' id='line_1_3' title="bbox 248 365 1710 418; baseline -0.005 -11"><span class='ocrx_word' id='word_1_17' title='bbox 248 374 434 418; x_wconf 72' lang='lat' dir='ltr'><strong>lcmgz&#39;bas,</strong></span> <span class='ocrx_word' id='word_1_18' title='bbox 461 375 616 414; x_wconf 75' lang='lat' dir='ltr'><strong>quartus</strong></span> <span class='ocrx_word' id='word_1_19' title='bbox 641 367 778 403; x_wconf 73' lang='lat' dir='ltr'><strong>tribas,</strong></span> <span class='ocrx_word' id='word_1_20' title='bbox 805 365 954 409; x_wconf 76' lang='lat' dir='ltr'><strong>quintus</strong></span> <span class='ocrx_word' id='word_1_21' title='bbox 977 369 1154 407; x_wconf 72' lang='lat' dir='ltr'><strong>quatuor,</strong></span> <span class='ocrx_word' id='word_1_22' title='bbox 1178 370 1291 396; x_wconf 84' lang='lat' dir='ltr'><strong>sextus</strong></span> <span class='ocrx_word' id='word_1_23' title='bbox 1314 365 1451 407; x_wconf 74' lang='lat' dir='ltr'><strong>trihus,</strong></span> <span class='ocrx_word' id='word_1_24' title='bbox 1476 366 1626 399; x_wconf 89' lang='lat' dir='ltr'><strong>munitus</strong></span> <span class='ocrx_word' id='word_1_25' title='bbox 1648 373 1710 399; x_wconf 89' lang='lat' dir='ltr'><strong>est.</strong></span> 
     </span>
    </p>

    <p class='ocr_par' dir='ltr' id='par_1_3' title="bbox 249 421 1933 643">
     <span class='ocr_line' id='line_1_4' title="bbox 292 421 1933 472; baseline -0.004 -9"><span class='ocrx_word' id='word_1_26' title='bbox 292 431 334 463; x_wconf 88' lang='lat' dir='ltr'><strong>In</strong></span> <span class='ocrx_word' id='word_1_27' title='bbox 349 429 481 472; x_wconf 79' lang='lat' dir='ltr'><em>pollice</em></span> <span class='ocrx_word' id='word_1_28' title='bbox 504 424 656 470; x_wconf 86' lang='lat' dir='ltr'>phalanx</span> <span class='ocrx_word' id='word_1_29' title='bbox 675 424 747 456; x_wconf 84' lang='lat' dir='ltr'><strong>basi</strong></span> <span class='ocrx_word' id='word_1_30' title='bbox 775 421 897 465; x_wconf 84' lang='lat' dir='ltr'><strong>gaudet</strong></span> <span class='ocrx_word' id='word_1_31' title='bbox 918 422 1066 454; x_wconf 68' lang='lat' dir='ltr'><strong>concava</strong></span> <span class='ocrx_word' id='word_1_32' title='bbox 1089 427 1124 452; x_wconf 91' lang='lat' dir='ltr'><strong>et</strong></span> <span class='ocrx_word' id='word_1_33' title='bbox 1148 421 1185 453; x_wconf 90' lang='lat' dir='ltr'><strong>in</strong></span> <span class='ocrx_word' id='word_1_34' title='bbox 1211 422 1345 465; x_wconf 87' lang='lat' dir='ltr'><strong>apicem</strong></span> <span class='ocrx_word' id='word_1_35' title='bbox 1368 421 1622 464; x_wconf 84' lang='lat' dir='ltr'><strong>cartilagineam</strong></span> <span class='ocrx_word' id='word_1_36' title='bbox 1649 423 1730 456; x_wconf 84' lang='lat' dir='ltr'><strong>exit.</strong></span> <span class='ocrx_word' id='word_1_37' title='bbox 1775 422 1933 459; x_wconf 85' lang='lat' dir='ltr'><strong>Aliorum</strong></span> 
     </span>
     <span class='ocr_line' id='line_1_5' title="bbox 249 478 1933 529; baseline -0.004 -10"><span class='ocrx_word' id='word_1_38' title='bbox 249 487 432 529; x_wconf 81' lang='lat' dir='ltr'>digitorum</span> <span class='ocrx_word' id='word_1_39' title='bbox 456 482 642 528; x_wconf 82' lang='lat' dir='ltr'>phalanges</span> <span class='ocrx_word' id='word_1_40' title='bbox 661 481 755 513; x_wconf 83' lang='lat' dir='ltr'><strong>inter</strong></span> <span class='ocrx_word' id='word_1_41' title='bbox 768 490 801 511; x_wconf 88' lang='lat' dir='ltr'><strong>se</strong></span> <span class='ocrx_word' id='word_1_42' title='bbox 815 478 939 511; x_wconf 86' lang='lat' dir='ltr'>similes</span> <span class='ocrx_word' id='word_1_43' title='bbox 961 485 1051 510; x_wconf 91' lang='lat' dir='ltr'><strong>sunt.</strong></span> <span class='ocrx_word' id='word_1_44' title='bbox 1097 478 1232 512; x_wconf 84' lang='lat' dir='ltr'>Sensim</span> <span class='ocrx_word' id='word_1_45' title='bbox 1256 480 1449 525; x_wconf 84' lang='lat' dir='ltr'><strong>sensimque</strong></span> <span class='ocrx_word' id='word_1_46' title='bbox 1468 481 1561 515; x_wconf 87' lang='lat' dir='ltr'><strong>enim</strong></span> <span class='ocrx_word' id='word_1_47' title='bbox 1580 491 1697 515; x_wconf 87' lang='lat' dir='ltr'><strong>omnes</strong></span> <span class='ocrx_word' id='word_1_48' title='bbox 1717 481 1933 526; x_wconf 82' lang='lat' dir='ltr'>longitudine</span> 
     </span>
     <span class='ocr_line' id='line_1_6' title="bbox 251 537 1930 582; baseline -0.005 -6"><span class='ocrx_word' id='word_1_49' title='bbox 251 544 468 576; x_wconf 85' lang='lat' dir='ltr'><strong>decrescunt.</strong></span> <span class='ocrx_word' id='word_1_50' title='bbox 512 542 610 573; x_wconf 89' lang='lat' dir='ltr'><strong>Bases</strong></span> <span class='ocrx_word' id='word_1_51' title='bbox 636 549 752 571; x_wconf 91' lang='lat' dir='ltr'><strong>omnes</strong></span> <span class='ocrx_word' id='word_1_52' title='bbox 784 545 865 569; x_wconf 89' lang='lat' dir='ltr'><strong>sunt</strong></span> <span class='ocrx_word' id='word_1_53' title='bbox 900 547 1088 574; x_wconf 86' lang='lat' dir='ltr'><strong>concavae,</strong></span> <span class='ocrx_word' id='word_1_54' title='bbox 1111 537 1321 569; x_wconf 78' lang='lat' dir='ltr'><strong>summitates</strong></span> <span class='ocrx_word' id='word_1_55' title='bbox 1351 548 1541 580; x_wconf 82' lang='lat' dir='ltr'><strong>convexae,</strong></span> <span class='ocrx_word' id='word_1_56' title='bbox 1578 537 1699 572; x_wconf 89' lang='lat' dir='ltr'><strong>ultima</strong></span> <span class='ocrx_word' id='word_1_57' title='bbox 1731 540 1930 582; x_wconf 79' lang='lat' dir='ltr'><strong>cujuscum-</strong></span> 
     </span>
     <span class='ocr_line' id='line_1_7' title="bbox 253 590 1204 643; baseline -0.011 -11"><span class='ocrx_word' id='word_1_58' title='bbox 253 612 318 643; x_wconf 88' lang='lat' dir='ltr'><strong>que</strong></span> <span class='ocrx_word' id='word_1_59' title='bbox 342 598 438 643; x_wconf 81' lang='lat' dir='ltr'><strong>digiti</strong></span> <span class='ocrx_word' id='word_1_60' title='bbox 460 595 611 642; x_wconf 80' lang='lat' dir='ltr'>phalanx</span> <span class='ocrx_word' id='word_1_61' title='bbox 632 595 702 628; x_wconf 78' lang='lat' dir='ltr'><strong>exit</strong></span> <span class='ocrx_word' id='word_1_62' title='bbox 723 594 760 626; x_wconf 91' lang='lat' dir='ltr'><strong>in</strong></span> <span class='ocrx_word' id='word_1_63' title='bbox 782 592 914 639; x_wconf 87' lang='lat' dir='ltr'><strong>apicem</strong></span> <span class='ocrx_word' id='word_1_64' title='bbox 937 590 1204 634; x_wconf 86' lang='lat' dir='ltr'><strong>cartilagineum.</strong></span> 
     </span>
    </p>
   </div>
   <div class='ocr_carea' id='block_1_3' title="bbox 1043 705 1152 746">
    <p class='ocr_par' dir='ltr' id='par_1_4' title="bbox 1043 705 1152 746">
     <span class='ocr_line' id='line_1_8' title="bbox 1043 705 1152 746; baseline 0 -10"><span class='ocrx_word' id='word_1_65' title='bbox 1043 705 1075 746; x_wconf 59' lang='grc' dir='ltr'><strong>ς.</strong></span> <span class='ocrx_word' id='word_1_66' title='bbox 1120 705 1152 737; x_wconf 84' lang='lat'><strong>5.</strong></span> 
     </span>
    </p>
   </div>
   <div class='ocr_carea' id='block_1_4' title="bbox 569 802 1626 848">
    <p class='ocr_par' dir='ltr' id='par_1_5' title="bbox 569 802 1626 848">
     <span class='ocr_line' id='line_1_9' title="bbox 569 802 1626 848; baseline 0 -10"><span class='ocrx_word' id='word_1_67' title='bbox 569 805 803 838; x_wconf 76' lang='lat' dir='ltr'><strong>Generaliora</strong></span> <span class='ocrx_word' id='word_1_68' title='bbox 828 804 1006 848; x_wconf 75' lang='lat' dir='ltr'><strong>quaedam</strong></span> <span class='ocrx_word' id='word_1_69' title='bbox 1028 804 1078 836; x_wconf 82' lang='lat' dir='ltr'><strong>ad</strong></span> <span class='ocrx_word' id='word_1_70' title='bbox 1104 802 1366 847; x_wconf 74' lang='lat' dir='ltr'><strong>Osteogoniam</strong></span> <span class='ocrx_word' id='word_1_71' title='bbox 1384 804 1626 847; x_wconf 76' lang='lat' dir='ltr'><strong>pertinentia·</strong></span> 
     </span>
    </p>
   </div>
   <div class='ocr_carea' id='block_1_5' title="bbox 249 913 1948 1926">
    <p class='ocr_par' dir='ltr' id='par_1_6' title="bbox 249 913 1948 1245">
     <span class='ocr_line' id='line_1_10' title="bbox 294 913 1937 961; baseline -0.002 -7"><span class='ocrx_word' id='word_1_72' title='bbox 294 920 417 954; x_wconf 87' lang='lat' dir='ltr'><strong>Sceleti</strong></span> <span class='ocrx_word' id='word_1_73' title='bbox 446 917 677 961; x_wconf 87' lang='lat' dir='ltr'><strong>descriptione</strong></span> <span class='ocrx_word' id='word_1_74' title='bbox 717 916 896 955; x_wconf 70' lang='lat' dir='ltr'><strong>absoluta,</strong></span> <span class='ocrx_word' id='word_1_75' title='bbox 925 917 994 958; x_wconf 82' lang='lat' dir='ltr'><strong>jam</strong></span> <span class='ocrx_word' id='word_1_76' title='bbox 1035 917 1104 958; x_wconf 83' lang='lat' dir='ltr'><strong>jam</strong></span> <span class='ocrx_word' id='word_1_77' title='bbox 1133 915 1177 948; x_wconf 85' lang='lat' dir='ltr'><strong>ad</strong></span> <span class='ocrx_word' id='word_1_78' title='bbox 1211 913 1440 957; x_wconf 82' lang='lat' dir='ltr'><strong>osteogoniam</strong></span> <span class='ocrx_word' id='word_1_79' title='bbox 1475 916 1573 949; x_wconf 82' lang='lat' dir='ltr'><strong>nohis</strong></span> <span class='ocrx_word' id='word_1_80' title='bbox 1612 915 1937 958; x_wconf 85' lang='lat' dir='ltr'><strong>transgrediendum</strong></span> 
     </span>
     <span class='ocr_line' id='line_1_11' title="bbox 249 971 1939 1017; baseline -0.002 -7"><span class='ocrx_word' id='word_1_81' title='bbox 249 985 346 1010; x_wconf 84' lang='lat' dir='ltr'><strong>esset.</strong></span> <span class='ocrx_word' id='word_1_82' title='bbox 392 975 560 1017; x_wconf 80' lang='lat' dir='ltr'><strong>Angustia</strong></span> <span class='ocrx_word' id='word_1_83' title='bbox 586 985 667 1007; x_wconf 89' lang='lat' dir='ltr'><strong>vero</strong></span> <span class='ocrx_word' id='word_1_84' title='bbox 697 974 859 1017; x_wconf 87' lang='lat' dir='ltr'><strong>temporis</strong></span> <span class='ocrx_word' id='word_1_85' title='bbox 878 999 887 1010; x_wconf 83' lang='lat'><strong>,</strong></span> <span class='ocrx_word' id='word_1_86' title='bbox 922 973 965 1006; x_wconf 86' lang='lat' dir='ltr'><strong>ad</strong></span> <span class='ocrx_word' id='word_1_87' title='bbox 990 973 1097 1005; x_wconf 86' lang='lat' dir='ltr'><strong>hoece</strong></span> <span class='ocrx_word' id='word_1_88' title='bbox 1120 973 1295 1014; x_wconf 81' lang='lat' dir='ltr'><strong>specimen</strong></span> <span class='ocrx_word' id='word_1_89' title='bbox 1321 971 1570 1004; x_wconf 81' lang='lat' dir='ltr'><strong>elaborandum</strong></span> <span class='ocrx_word' id='word_1_90' title='bbox 1598 973 1772 1014; x_wconf 84' lang='lat' dir='ltr'><strong>concessi,</strong></span> <span class='ocrx_word' id='word_1_91' title='bbox 1801 973 1939 1007; x_wconf 82' lang='lat' dir='ltr'><strong>studio-</strong></span> 
     </span>
     <span class='ocr_line' id='line_1_12' title="bbox 251 1029 1942 1076; baseline 0 -11"><span class='ocrx_word' id='word_1_92' title='bbox 251 1044 396 1076; x_wconf 79' lang='lat' dir='ltr'><strong>rumque</strong></span> <span class='ocrx_word' id='word_1_93' title='bbox 418 1032 685 1064; x_wconf 84' lang='lat' dir='ltr'><strong>anatomicorum</strong></span> <span class='ocrx_word' id='word_1_94' title='bbox 709 1030 841 1062; x_wconf 86' lang='lat' dir='ltr'><strong>ruditas</strong></span> <span class='ocrx_word' id='word_1_95' title='bbox 867 1031 929 1073; x_wconf 57' lang='grc' dir='ltr'><strong>(ἱ)</strong></span> <span class='ocrx_word' id='word_1_96' title='bbox 952 1031 1178 1074; x_wconf 88' lang='lat' dir='ltr'><strong>inpediebant</strong></span> <span class='ocrx_word' id='word_1_97' title='bbox 1206 1029 1389 1074; x_wconf 82' lang='lat' dir='ltr'><strong>quominus</strong></span> <span class='ocrx_word' id='word_1_98' title='bbox 1412 1029 1545 1072; x_wconf 85' lang='lat' dir='ltr'><strong>saepius</strong></span> <span class='ocrx_word' id='word_1_99' title='bbox 1578 1030 1714 1074; x_wconf 77' lang='lat' dir='ltr'><strong>gyrinos</strong></span> <span class='ocrx_word' id='word_1_100' title='bbox 1737 1031 1942 1066; x_wconf 82' lang='lat' dir='ltr'><strong>dissecarem</strong></span> 
     </span>
     <span class='ocr_line' id='line_1_13' title="bbox 250 1085 1948 1132; baseline 0.001 -11"><span class='ocrx_word' id='word_1_101' title='bbox 250 1093 286 1123; x_wconf 88' lang='lat' dir='ltr'><strong>in</strong></span> <span class='ocrx_word' id='word_1_102' title='bbox 318 1090 530 1132; x_wconf 66' lang='lat' dir='ltr'><strong>unaquaque</strong></span> <span class='ocrx_word' id='word_1_103' title='bbox 558 1086 644 1119; x_wconf 82' lang='lat' dir='ltr'><strong>vitae</strong></span> <span class='ocrx_word' id='word_1_104' title='bbox 670 1085 836 1128; x_wconf 84' lang='lat' dir='ltr'><strong>periodo:</strong></span> <span class='ocrx_word' id='word_1_105' title='bbox 868 1097 981 1128; x_wconf 86' lang='lat' dir='ltr'><strong>pauca</strong></span> <span class='ocrx_word' id='word_1_106' title='bbox 1008 1087 1112 1128; x_wconf 83' lang='lat' dir='ltr'><strong>igitur</strong></span> <span class='ocrx_word' id='word_1_107' title='bbox 1145 1086 1379 1119; x_wconf 87' lang='lat' dir='ltr'><strong>tantummodo</strong></span> <span class='ocrx_word' id='word_1_108' title='bbox 1406 1086 1584 1120; x_wconf 83' lang='lat' dir='ltr'><strong>individua</strong></span> <span class='ocrx_word' id='word_1_109' title='bbox 1608 1087 1668 1121; x_wconf 86' lang='lat' dir='ltr'><strong>tali</strong></span> <span class='ocrx_word' id='word_1_110' title='bbox 1696 1088 1799 1122; x_wconf 88' lang='lat' dir='ltr'><strong>modo</strong></span> <span class='ocrx_word' id='word_1_111' title='bbox 1826 1088 1948 1122; x_wconf 75' lang='lat' dir='ltr'><strong>disse-,</strong></span> 
     </span>
     <span class='ocr_line' id='line_1_14' title="bbox 254 1141 1945 1190; baseline -0.001 -11"><span class='ocrx_word' id='word_1_112' title='bbox 254 1147 327 1184; x_wconf 88' lang='lat' dir='ltr'><strong>cui,</strong></span> <span class='ocrx_word' id='word_1_113' title='bbox 354 1154 393 1177; x_wconf 88' lang='lat' dir='ltr'><strong>ut</strong></span> <span class='ocrx_word' id='word_1_114' title='bbox 418 1142 584 1188; x_wconf 85' lang='lat' dir='ltr'><strong>quaedam</strong></span> <span class='ocrx_word' id='word_1_115' title='bbox 602 1141 685 1174; x_wconf 84' lang='lat' dir='ltr'><strong>inde</strong></span> <span class='ocrx_word' id='word_1_116' title='bbox 706 1150 888 1175; x_wconf 86' lang='lat' dir='ltr'><strong>consecuta</strong></span> <span class='ocrx_word' id='word_1_117' title='bbox 908 1143 977 1176; x_wconf 81' lang='lat' dir='ltr'><strong>sint</strong></span> <span class='ocrx_word' id='word_1_118' title='bbox 998 1144 1084 1176; x_wconf 78' lang='lat' dir='ltr'><strong>mihi</strong></span> <span class='ocrx_word' id='word_1_119' title='bbox 1113 1155 1184 1177; x_wconf 89' lang='lat' dir='ltr'><strong>non</strong></span> <span class='ocrx_word' id='word_1_120' title='bbox 1214 1143 1318 1188; x_wconf 86' lang='lat' dir='ltr'><strong>plane</strong></span> <span class='ocrx_word' id='word_1_121' title='bbox 1349 1145 1468 1187; x_wconf 85' lang='lat' dir='ltr'><strong>inepta</strong></span> <span class='ocrx_word' id='word_1_122' title='bbox 1493 1143 1587 1186; x_wconf 85' lang='lat' dir='ltr'><strong>visa,</strong></span> <span class='ocrx_word' id='word_1_123' title='bbox 1611 1156 1696 1190; x_wconf 88' lang='lat' dir='ltr'><strong>quae</strong></span> <span class='ocrx_word' id='word_1_124' title='bbox 1723 1145 1761 1178; x_wconf 85' lang='lat' dir='ltr'><strong>in</strong></span> <span class='ocrx_word' id='word_1_125' title='bbox 1791 1145 1945 1180; x_wconf 85' lang='lat' dir='ltr'><strong>medium</strong></span> 
     </span>
     <span class='ocr_line' id='line_1_15' title="bbox 253 1202 456 1245; baseline -0.005 -12"><span class='ocrx_word' id='word_1_126' title='bbox 253 1202 456 1245; x_wconf 82' lang='lat' dir='ltr'><strong>proferrem.</strong></span> 
     </span>
    </p>

    <p class='ocr_par' dir='ltr' id='par_1_7' title="bbox 253 1254 1942 1525">
     <span class='ocr_line' id='line_1_16' title="bbox 309 1254 1942 1298; baseline 0 -7"><span class='ocrx_word' id='word_1_127' title='bbox 309 1257 434 1292; x_wconf 86' lang='lat' dir='ltr'><strong>Sceleti</strong></span> <span class='ocrx_word' id='word_1_128' title='bbox 473 1257 673 1298; x_wconf 42' lang='lat' dir='ltr'><strong>jam‘usum</strong></span> <span class='ocrx_word' id='word_1_129' title='bbox 704 1266 774 1287; x_wconf 87' lang='lat' dir='ltr'><strong>esse</strong></span> <span class='ocrx_word' id='word_1_130' title='bbox 807 1254 1000 1298; x_wconf 82' lang='lat' dir='ltr'><strong>triplicem,</strong></span> <span class='ocrx_word' id='word_1_131' title='bbox 1037 1256 1128 1287; x_wconf 86' lang='lat' dir='ltr'><strong>inter</strong></span> <span class='ocrx_word' id='word_1_132' title='bbox 1159 1265 1278 1287; x_wconf 88' lang='lat' dir='ltr'><strong>omnes</strong></span> <span class='ocrx_word' id='word_1_133' title='bbox 1310 1256 1516 1288; x_wconf 82' lang='lat' dir='ltr'><strong>anatomicos</strong></span> <span class='ocrx_word' id='word_1_134' title='bbox 1552 1256 1655 1289; x_wconf 87' lang='lat' dir='ltr'><strong>hodie</strong></span> <span class='ocrx_word' id='word_1_135' title='bbox 1692 1265 1833 1291; x_wconf 85' lang='lat' dir='ltr'><strong>constat.</strong></span> <span class='ocrx_word' id='word_1_136' title='bbox 1887 1258 1942 1290; x_wconf 88' lang='lat' dir='ltr'><strong>U-</strong></span> 
     </span>
     <span class='ocr_line' id='line_1_17' title="bbox 254 1311 1942 1358; baseline -0.001 -10"><span class='ocrx_word' id='word_1_137' title='bbox 254 1327 309 1348; x_wconf 87' lang='lat' dir='ltr'><strong>sus</strong></span> <span class='ocrx_word' id='word_1_138' title='bbox 354 1313 538 1358; x_wconf 84' lang='lat' dir='ltr'><strong>primarius</strong></span> <span class='ocrx_word' id='word_1_139' title='bbox 568 1320 646 1352; x_wconf 89' lang='lat' dir='ltr'><strong>est,</strong></span> <span class='ocrx_word' id='word_1_140' title='bbox 680 1319 720 1344; x_wconf 86' lang='lat' dir='ltr'><strong>ut</strong></span> <span class='ocrx_word' id='word_1_141' title='bbox 764 1319 896 1353; x_wconf 80' lang='lat' dir='ltr'><strong>tegatur</strong></span> <span class='ocrx_word' id='word_1_142' title='bbox 933 1311 1123 1344; x_wconf 81' lang='lat' dir='ltr'><strong>sensorium</strong></span> <span class='ocrx_word' id='word_1_143' title='bbox 1158 1323 1337 1344; x_wconf 87' lang='lat' dir='ltr'><strong>commune</strong></span> <span class='ocrx_word' id='word_1_144' title='bbox 1369 1313 1392 1344; x_wconf 91' lang='lat' dir='ltr'><strong>i.</strong></span> <span class='ocrx_word' id='word_1_145' title='bbox 1417 1324 1447 1344; x_wconf 86' lang='lat' dir='ltr'><strong>e.</strong></span> <span class='ocrx_word' id='word_1_146' title='bbox 1478 1313 1660 1345; x_wconf 82' lang='lat' dir='ltr'><strong>cerebrum</strong></span> <span class='ocrx_word' id='word_1_147' title='bbox 1701 1313 1843 1357; x_wconf 85' lang='lat' dir='ltr'><strong>ejusque</strong></span> <span class='ocrx_word' id='word_1_148' title='bbox 1882 1325 1942 1347; x_wconf 80' lang='lat' dir='ltr'><strong>ac-</strong></span> 
     </span>
     <span class='ocr_line' id='line_1_18' title="bbox 256 1368 1941 1412; baseline -0.001 -9"><span class='ocrx_word' id='word_1_149' title='bbox 256 1371 432 1410; x_wconf 80' lang='lat' dir='ltr'><strong>cessoria3</strong></span> <span class='ocrx_word' id='word_1_150' title='bbox 474 1368 666 1401; x_wconf 84' lang='lat' dir='ltr'><strong>secundus:</strong></span> <span class='ocrx_word' id='word_1_151' title='bbox 707 1376 745 1399; x_wconf 85' lang='lat' dir='ltr'><strong>ut</strong></span> <span class='ocrx_word' id='word_1_152' title='bbox 781 1376 912 1410; x_wconf 83' lang='lat' dir='ltr'><strong>tegatur</strong></span> <span class='ocrx_word' id='word_1_153' title='bbox 941 1379 1125 1401; x_wconf 87' lang='lat' dir='ltr'><strong>nervorum</strong></span> <span class='ocrx_word' id='word_1_154' title='bbox 1156 1378 1300 1412; x_wconf 83' lang='lat' dir='ltr'><strong>systema</strong></span> <span class='ocrx_word' id='word_1_155' title='bbox 1329 1369 1366 1401; x_wconf 89' lang='lat' dir='ltr'><strong>in</strong></span> <span class='ocrx_word' id='word_1_156' title='bbox 1403 1380 1549 1411; x_wconf 78' lang='lat' dir='ltr'><strong>genere3</strong></span> <span class='ocrx_word' id='word_1_157' title='bbox 1587 1381 1669 1401; x_wconf 90' lang='lat' dir='ltr'><strong>usus</strong></span> <span class='ocrx_word' id='word_1_158' title='bbox 1697 1369 1842 1411; x_wconf 83' lang='lat' dir='ltr'><strong>tertius,</strong></span> <span class='ocrx_word' id='word_1_159' title='bbox 1875 1370 1941 1402; x_wconf 85' lang='lat' dir='ltr'><strong>ali-</strong></span> 
     </span>
     <span class='ocr_line' id='line_1_19' title="bbox 256 1425 1942 1471; baseline 0 -12"><span class='ocrx_word' id='word_1_160' title='bbox 256 1436 426 1471; x_wconf 87' lang='lat' dir='ltr'><strong>quotenus</strong></span> <span class='ocrx_word' id='word_1_161' title='bbox 459 1425 665 1459; x_wconf 83' lang='lat' dir='ltr'><strong>adventitius</strong></span> <span class='ocrx_word' id='word_1_162' title='bbox 693 1433 772 1457; x_wconf 81' lang='lat' dir='ltr'><strong>est:</strong></span> <span class='ocrx_word' id='word_1_163' title='bbox 801 1433 839 1457; x_wconf 87' lang='lat' dir='ltr'><strong>ut</strong></span> <span class='ocrx_word' id='word_1_164' title='bbox 869 1425 929 1457; x_wconf 86' lang='lat' dir='ltr'><strong>fiat</strong></span> <span class='ocrx_word' id='word_1_165' title='bbox 956 1425 1189 1458; x_wconf 85' lang='lat' dir='ltr'><strong>musculorum</strong></span> <span class='ocrx_word' id='word_1_166' title='bbox 1212 1425 1356 1458; x_wconf 87' lang='lat' dir='ltr'><strong>insertio</strong></span> <span class='ocrx_word' id='word_1_167' title='bbox 1384 1433 1420 1456; x_wconf 89' lang='lat' dir='ltr'><strong>et</strong></span> <span class='ocrx_word' id='word_1_168' title='bbox 1447 1425 1627 1458; x_wconf 85' lang='lat' dir='ltr'><strong>locomotio</strong></span> <span class='ocrx_word' id='word_1_169' title='bbox 1651 1425 1758 1458; x_wconf 87' lang='lat' dir='ltr'><strong>facilis</strong></span> <span class='ocrx_word' id='word_1_170' title='bbox 1790 1434 1824 1459; x_wconf 86' lang='lat' dir='ltr'><strong>et</strong></span> <span class='ocrx_word' id='word_1_171' title='bbox 1854 1437 1942 1459; x_wconf 86' lang='lat' dir='ltr'><strong>con-</strong></span> 
     </span>
     <span class='ocr_line' id='line_1_20' title="bbox 253 1484 454 1525; baseline -0.01 -8"><span class='ocrx_word' id='word_1_172' title='bbox 253 1493 345 1517; x_wconf 81' lang='lat' dir='ltr'><strong>stans</strong></span> <span class='ocrx_word' id='word_1_173' title='bbox 369 1484 454 1525; x_wconf 82' lang='lat'><strong>(2).</strong></span> 
     </span>
    </p>

    <p class='ocr_par' dir='ltr' id='par_1_8' title="bbox 253 1537 1943 1743">
     <span class='ocr_line' id='line_1_21' title="bbox 297 1537 1940 1582; baseline 0.001 -10"><span class='ocrx_word' id='word_1_174' title='bbox 297 1540 371 1572; x_wconf 85' lang='lat' dir='ltr'><strong>Hoc</strong></span> <span class='ocrx_word' id='word_1_175' title='bbox 394 1539 648 1572; x_wconf 85' lang='lat' dir='ltr'><strong>demonstratur</strong></span> <span class='ocrx_word' id='word_1_176' title='bbox 674 1538 827 1580; x_wconf 85' lang='lat' dir='ltr'><strong>egregie,</strong></span> <span class='ocrx_word' id='word_1_177' title='bbox 853 1547 921 1571; x_wconf 85' lang='lat' dir='ltr'><strong>tam</strong></span> <span class='ocrx_word' id='word_1_178' title='bbox 946 1539 982 1571; x_wconf 88' lang='lat' dir='ltr'><strong>in</strong></span> <span class='ocrx_word' id='word_1_179' title='bbox 1011 1537 1076 1571; x_wconf 85' lang='lat' dir='ltr'><strong>illis</strong></span> <span class='ocrx_word' id='word_1_180' title='bbox 1104 1538 1365 1579; x_wconf 80' lang='lat' dir='ltr'><strong>invertehratiS,</strong></span> <span class='ocrx_word' id='word_1_181' title='bbox 1396 1539 1456 1572; x_wconf 86' lang='lat' dir='ltr'><strong>ubi</strong></span> <span class='ocrx_word' id='word_1_182' title='bbox 1481 1538 1598 1572; x_wconf 86' lang='lat' dir='ltr'><strong>sceleti</strong></span> <span class='ocrx_word' id='word_1_183' title='bbox 1621 1539 1809 1582; x_wconf 85' lang='lat' dir='ltr'><strong>primordia</strong></span> <span class='ocrx_word' id='word_1_184' title='bbox 1840 1541 1940 1573; x_wconf 88' lang='lat' dir='ltr'><strong>inve·</strong></span> 
     </span>
     <span class='ocr_line' id='line_1_22' title="bbox 255 1594 1941 1639; baseline -0.001 -11"><span class='ocrx_word' id='word_1_185' title='bbox 255 1597 419 1636; x_wconf 67' lang='lat' dir='ltr'><strong>niumm,</strong></span> <span class='ocrx_word' id='word_1_186' title='bbox 451 1608 480 1628; x_wconf 89' lang='lat' dir='ltr'><strong>e.</strong></span> <span class='ocrx_word' id='word_1_187' title='bbox 504 1608 535 1637; x_wconf 87' lang='lat' dir='ltr'><strong>g.</strong></span> <span class='ocrx_word' id='word_1_188' title='bbox 564 1597 600 1627; x_wconf 90' lang='lat' dir='ltr'><strong>in</strong></span> <span class='ocrx_word' id='word_1_189' title='bbox 628 1595 729 1637; x_wconf 86' lang='lat' dir='ltr'><strong>Sepia</strong></span> <span class='ocrx_word' id='word_1_190' title='bbox 752 1594 926 1636; x_wconf 88' lang='lat' dir='ltr'><strong>Loligine,</strong></span> <span class='ocrx_word' id='word_1_191' title='bbox 957 1594 1135 1632; x_wconf 58' lang='lat' dir='ltr'><strong>calmae,</strong></span> <span class='ocrx_word' id='word_1_192' title='bbox 1169 1595 1264 1635; x_wconf 80' lang='lat' dir='ltr'><strong>aliis3</strong></span> <span class='ocrx_word' id='word_1_193' title='bbox 1290 1607 1392 1638; x_wconf 85' lang='lat' dir='ltr'><strong>quam</strong></span> <span class='ocrx_word' id='word_1_194' title='bbox 1415 1597 1452 1627; x_wconf 90' lang='lat' dir='ltr'><strong>in</strong></span> <span class='ocrx_word' id='word_1_195' title='bbox 1476 1603 1656 1639; x_wconf 81' lang='lat' dir='ltr'><strong>systemate</strong></span> <span class='ocrx_word' id='word_1_196' title='bbox 1684 1606 1778 1627; x_wconf 88' lang='lat' dir='ltr'><strong>osseo</strong></span> <span class='ocrx_word' id='word_1_197' title='bbox 1806 1595 1941 1632; x_wconf 80' lang='lat' dir='ltr'><strong>foetali,</strong></span> 
     </span>
     <span class='ocr_line' id='line_1_23' title="bbox 253 1649 1943 1696; baseline -0.001 -11"><span class='ocrx_word' id='word_1_198' title='bbox 253 1654 312 1685; x_wconf 89' lang='lat' dir='ltr'><strong>ubi</strong></span> <span class='ocrx_word' id='word_1_199' title='bbox 333 1664 467 1696; x_wconf 84' lang='lat' dir='ltr'><strong>semper</strong></span> <span class='ocrx_word' id='word_1_200' title='bbox 489 1660 603 1695; x_wconf 86' lang='lat' dir='ltr'><strong>partes</strong></span> <span class='ocrx_word' id='word_1_201' title='bbox 621 1651 808 1684; x_wconf 83' lang='lat' dir='ltr'><strong>sensorium</strong></span> <span class='ocrx_word' id='word_1_202' title='bbox 829 1659 862 1683; x_wconf 87' lang='lat' dir='ltr'><strong>et</strong></span> <span class='ocrx_word' id='word_1_203' title='bbox 886 1662 1006 1684; x_wconf 86' lang='lat' dir='ltr'><strong>nervos</strong></span> <span class='ocrx_word' id='word_1_204' title='bbox 1026 1659 1176 1694; x_wconf 84' lang='lat' dir='ltr'><strong>tegentes</strong></span> <span class='ocrx_word' id='word_1_205' title='bbox 1200 1651 1351 1684; x_wconf 86' lang='lat' dir='ltr'><strong>omnium</strong></span> <span class='ocrx_word' id='word_1_206' title='bbox 1375 1651 1504 1693; x_wconf 84' lang='lat' dir='ltr'><strong>primae</strong></span> <span class='ocrx_word' id='word_1_207' title='bbox 1532 1649 1733 1684; x_wconf 82' lang='lat' dir='ltr'><strong>evolvuntur</strong></span> <span class='ocrx_word' id='word_1_208' title='bbox 1762 1662 1800 1683; x_wconf 88' lang='lat' dir='ltr'><strong>ac</strong></span> <span class='ocrx_word' id='word_1_209' title='bbox 1828 1652 1943 1694; x_wconf 85' lang='lat' dir='ltr'><strong>perfi-</strong></span> 
     </span>
     <span class='ocr_line' id='line_1_24' title="bbox 257 1712 406 1743; baseline -0.013 -1"><span class='ocrx_word' id='word_1_210' title='bbox 257 1712 406 1743; x_wconf 79' lang='lat' dir='ltr'><strong>ciuntur.</strong></span> 
     </span>
    </p>

    <p class='ocr_par' dir='ltr' id='par_1_9' title="bbox 254 1763 1946 1926">
     <span class='ocr_line' id='line_1_25' title="bbox 300 1763 1946 1810; baseline -0.001 -12"><span class='ocrx_word' id='word_1_211' title='bbox 300 1767 434 1798; x_wconf 83' lang='lat' dir='ltr'><strong>llaecce</strong></span> <span class='ocrx_word' id='word_1_212' title='bbox 460 1767 529 1807; x_wconf 78' lang='lat' dir='ltr'><strong>jam</strong></span> <span class='ocrx_word' id='word_1_213' title='bbox 559 1765 730 1798; x_wconf 79' lang='lat' dir='ltr'><strong>sententia</strong></span> <span class='ocrx_word' id='word_1_214' title='bbox 752 1765 882 1807; x_wconf 80' lang='lat' dir='ltr'><strong>egregie</strong></span> <span class='ocrx_word' id='word_1_215' title='bbox 907 1766 943 1796; x_wconf 88' lang='lat' dir='ltr'><strong>in</strong></span> <span class='ocrx_word' id='word_1_216' title='bbox 964 1765 1083 1809; x_wconf 82' lang='lat' dir='ltr'><strong>gyrino</strong></span> <span class='ocrx_word' id='word_1_217' title='bbox 1110 1764 1313 1797; x_wconf 85' lang='lat' dir='ltr'><strong>dissecando</strong></span> <span class='ocrx_word' id='word_1_218' title='bbox 1337 1764 1419 1797; x_wconf 88' lang='lat' dir='ltr'><strong>mihi</strong></span> <span class='ocrx_word' id='word_1_219' title='bbox 1444 1763 1676 1796; x_wconf 85' lang='lat' dir='ltr'><strong>demonstrata</strong></span> <span class='ocrx_word' id='word_1_220' title='bbox 1694 1772 1757 1797; x_wconf 88' lang='lat' dir='ltr'><strong>est.</strong></span> <span class='ocrx_word' id='word_1_221' title='bbox 1803 1765 1946 1810; x_wconf 86' lang='lat' dir='ltr'><strong>Semper</strong></span> 
     </span>
     <span class='ocr_line' id='line_1_26' title="bbox 256 1820 1943 1867; baseline -0.002 -11"><span class='ocrx_word' id='word_1_222' title='bbox 256 1827 347 1856; x_wconf 85' lang='lat' dir='ltr'><strong>euim</strong></span> <span class='ocrx_word' id='word_1_223' title='bbox 367 1823 542 1855; x_wconf 84' lang='lat' dir='ltr'><strong>observavi</strong></span> <span class='ocrx_word' id='word_1_224' title='bbox 565 1821 744 1854; x_wconf 86' lang='lat' dir='ltr'><strong>rachidem</strong></span> <span class='ocrx_word' id='word_1_225' title='bbox 771 1830 804 1854; x_wconf 90' lang='lat' dir='ltr'><strong>et</strong></span> <span class='ocrx_word' id='word_1_226' title='bbox 827 1834 899 1854; x_wconf 87' lang='lat' dir='ltr'><strong>ossa</strong></span> <span class='ocrx_word' id='word_1_227' title='bbox 921 1823 1041 1865; x_wconf 85' lang='lat' dir='ltr'><strong>eapitis</strong></span> <span class='ocrx_word' id='word_1_228' title='bbox 1062 1821 1105 1853; x_wconf 89' lang='lat' dir='ltr'><strong>ad</strong></span> <span class='ocrx_word' id='word_1_229' title='bbox 1126 1823 1314 1854; x_wconf 86' lang='lat' dir='ltr'><strong>sensorium</strong></span> <span class='ocrx_word' id='word_1_230' title='bbox 1333 1821 1563 1867; x_wconf 84' lang='lat' dir='ltr'><strong>pertinentia,</strong></span> <span class='ocrx_word' id='word_1_231' title='bbox 1586 1821 1681 1867; x_wconf 84' lang='lat' dir='ltr'><strong>prius</strong></span> <span class='ocrx_word' id='word_1_232' title='bbox 1698 1820 1855 1853; x_wconf 85' lang='lat' dir='ltr'><strong>formari:</strong></span> <span class='ocrx_word' id='word_1_233' title='bbox 1882 1821 1943 1853; x_wconf 89' lang='lat' dir='ltr'><strong>diu</strong></span> 
     </span>
     <span class='ocr_line' id='line_1_27' title="bbox 254 1877 1942 1926; baseline -0.003 -12"><span class='ocrx_word' id='word_1_234' title='bbox 254 1890 373 1925; x_wconf 81' lang='lat' dir='ltr'><strong>postea</strong></span> <span class='ocrx_word' id='word_1_235' title='bbox 398 1880 481 1912; x_wconf 83' lang='lat' dir='ltr'><strong>oriri</strong></span> <span class='ocrx_word' id='word_1_236' title='bbox 506 1890 579 1911; x_wconf 91' lang='lat' dir='ltr'><strong>ossa</strong></span> <span class='ocrx_word' id='word_1_237' title='bbox 606 1878 704 1911; x_wconf 87' lang='lat' dir='ltr'><strong>faciei</strong></span> <span class='ocrx_word' id='word_1_238' title='bbox 733 1886 767 1926; x_wconf 86' lang='lat' dir='ltr'><strong>et</strong></span> <span class='ocrx_word' id='word_1_239' title='bbox 792 1880 1057 1911; x_wconf 84' lang='lat' dir='ltr'><strong>extremitatum.</strong></span> <span class='ocrx_word' id='word_1_240' title='bbox 1112 1878 1217 1922; x_wconf 88' lang='lat' dir='ltr'><strong>Quod</strong></span> <span class='ocrx_word' id='word_1_241' title='bbox 1248 1879 1379 1921; x_wconf 81' lang='lat' dir='ltr'><strong>igitur,</strong></span> <span class='ocrx_word' id='word_1_242' title='bbox 1409 1886 1447 1910; x_wconf 89' lang='lat' dir='ltr'><strong>ut</strong></span> <span class='ocrx_word' id='word_1_243' title='bbox 1475 1877 1594 1910; x_wconf 89' lang='lat' dir='ltr'><strong>melius</strong></span> <span class='ocrx_word' id='word_1_244' title='bbox 1620 1877 1830 1919; x_wconf 79' lang='lat' dir='ltr'><strong>intelligatur</strong></span> <span class='ocrx_word' id='word_1_245' title='bbox 1856 1888 1942 1909; x_wconf 90' lang='lat' dir='ltr'><strong>nos-</strong></span> 
     </span>
    </p>
   </div>
   <div class='ocr_carea' id='block_1_6' title="bbox 254 1934 1943 1981">
    <p class='ocr_par' dir='ltr' id='par_1_10' title="bbox 254 1934 1943 1981">
     <span class='ocr_line' id='line_1_28' title="bbox 254 1934 1943 1981; baseline -0.002 -12"><span class='ocrx_word' id='word_1_246' title='bbox 254 1938 384 1981; x_wconf 73' lang='lat' dir='ltr'><strong>trISque</strong></span> <span class='ocrx_word' id='word_1_247' title='bbox 409 1936 584 1969; x_wconf 81' lang='lat' dir='ltr'><strong>sententiis</strong></span> <span class='ocrx_word' id='word_1_248' title='bbox 610 1944 725 1979; x_wconf 84' lang='lat' dir='ltr'><strong>postea</strong></span> <span class='ocrx_word' id='word_1_249' title='bbox 761 1935 1008 1977; x_wconf 77' lang='lat' dir='ltr'><strong>subjungendis</strong></span> <span class='ocrx_word' id='word_1_250' title='bbox 1042 1935 1164 1969; x_wconf 87' lang='lat' dir='ltr'><strong>clarior</strong></span> <span class='ocrx_word' id='word_1_251' title='bbox 1194 1936 1253 1968; x_wconf 84' lang='lat' dir='ltr'><strong>lux</strong></span> <span class='ocrx_word' id='word_1_252' title='bbox 1278 1935 1409 1976; x_wconf 80' lang='lat' dir='ltr'><strong>affluat,</strong></span> <span class='ocrx_word' id='word_1_253' title='bbox 1434 1935 1585 1973; x_wconf 77' lang='lat' dir='ltr'><strong>breviter</strong></span> <span class='ocrx_word' id='word_1_254' title='bbox 1613 1935 1787 1969; x_wconf 89' lang='lat' dir='ltr'><strong>videamus</strong></span> <span class='ocrx_word' id='word_1_255' title='bbox 1813 1934 1856 1968; x_wconf 88' lang='lat' dir='ltr'><strong>de</strong></span> <span class='ocrx_word' id='word_1_256' title='bbox 1883 1946 1943 1966; x_wconf 86' lang='lat' dir='ltr'><strong>os-</strong></span> 
     </span>
    </p>
   </div>
   <div class='ocr_carea' id='block_1_7' title="bbox 257 1992 1905 2064">
    <p class='ocr_par' dir='ltr' id='par_1_11' title="bbox 257 1992 1905 2064">
     <span class='ocr_line' id='line_1_29' title="bbox 257 1992 1905 2064; baseline -0.002 -39"><span class='ocrx_word' id='word_1_257' title='bbox 257 1994 455 2026; x_wconf 76' lang='lat' dir='ltr'><strong>siiicationis</strong></span> <span class='ocrx_word' id='word_1_258' title='bbox 484 1992 729 2036; x_wconf 73' lang='lat' dir='ltr'><strong>progressibus.</strong></span> <span class='ocrx_word' id='word_1_259' title='bbox 1880 2034 1905 2064; x_wconf 79' lang='lat' dir='ltr'>C</span> 
     </span>
    </p>
   </div>
   <div class='ocr_carea' id='block_1_8' title="bbox 258 2124 1945 2454">
    <p class='ocr_par' dir='ltr' id='par_1_12' title="bbox 262 2124 1944 2203">
     <span class='ocr_line' id='line_1_30' title="bbox 291 2124 1944 2163; baseline -0.004 -9"><span class='ocrx_word' id='word_1_260' title='bbox 291 2128 345 2163; x_wconf 85' lang='lat'><strong>(1)</strong></span> <span class='ocrx_word' id='word_1_261' title='bbox 375 2127 445 2158; x_wconf 78' lang='lat' dir='ltr'><strong>Quin</strong></span> <span class='ocrx_word' id='word_1_262' title='bbox 471 2127 538 2152; x_wconf 86' lang='lat' dir='ltr'><strong>imo!</strong></span> <span class='ocrx_word' id='word_1_263' title='bbox 564 2127 625 2160; x_wconf 82' lang='lat' dir='ltr'><strong>quid</strong></span> <span class='ocrx_word' id='word_1_264' title='bbox 651 2135 664 2151; x_wconf 83' lang='lat' dir='ltr'><strong>a</strong></span> <span class='ocrx_word' id='word_1_265' title='bbox 689 2126 777 2158; x_wconf 77' lang='lat' dir='ltr'><strong>juvene</strong></span> <span class='ocrx_word' id='word_1_266' title='bbox 803 2127 874 2152; x_wconf 82' lang='lat' dir='ltr'><strong>tenui</strong></span> <span class='ocrx_word' id='word_1_267' title='bbox 905 2127 1014 2159; x_wconf 71' lang='lat' dir='ltr'><strong>flagitari</strong></span> <span class='ocrx_word' id='word_1_268' title='bbox 1038 2133 1135 2160; x_wconf 83' lang='lat' dir='ltr'><strong>potest,</strong></span> <span class='ocrx_word' id='word_1_269' title='bbox 1161 2135 1238 2160; x_wconf 89' lang='lat' dir='ltr'><strong>quum</strong></span> <span class='ocrx_word' id='word_1_270' title='bbox 1261 2135 1275 2150; x_wconf 77' lang='lat' dir='ltr'><strong>a</strong></span> <span class='ocrx_word' id='word_1_271' title='bbox 1300 2124 1454 2151; x_wconf 64' lang='lat' dir='ltr'><strong>doctissimis</strong></span> <span class='ocrx_word' id='word_1_272' title='bbox 1479 2124 1569 2150; x_wconf 78' lang='lat' dir='ltr'><strong>harum</strong></span> <span class='ocrx_word' id='word_1_273' title='bbox 1599 2133 1684 2150; x_wconf 86' lang='lat' dir='ltr'><strong>rerum</strong></span> <span class='ocrx_word' id='word_1_274' title='bbox 1722 2124 1869 2152; x_wconf 77' lang='lat' dir='ltr'><strong>doctoribus</strong></span> <span class='ocrx_word' id='word_1_275' title='bbox 1898 2133 1944 2157; x_wconf 84' lang='lat' dir='ltr'><strong>pe—</strong></span> 
     </span>
     <span class='ocr_line' id='line_1_31' title="bbox 262 2162 1686 2203; baseline -0.003 -3"><span class='ocrx_word' id='word_1_276' title='bbox 262 2181 346 2203; x_wconf 61' lang='lat' dir='ltr'><strong>tatur:</strong></span> <span class='ocrx_word' id='word_1_277' title='bbox 1684 2162 1686 2164; x_wconf 29' lang='grc' dir='ltr'>Ι</span> 
     </span>
    </p>

    <p class='ocr_par' dir='ltr' id='par_1_13' title="bbox 260 2219 1945 2350">
     <span class='ocr_line' id='line_1_32' title="bbox 293 2219 1945 2255; baseline -0.002 -7"><span class='ocrx_word' id='word_1_278' title='bbox 293 2234 304 2248; x_wconf 68' lang='lat'><strong>2»</strong></span> <span class='ocrx_word' id='word_1_279' title='bbox 320 2222 458 2255; x_wconf 80' lang='lat' dir='ltr'><strong>D&#39;exposer</strong></span> <span class='ocrx_word' id='word_1_280' title='bbox 480 2220 556 2246; x_wconf 71' lang='lat' dir='ltr'><strong>d&#39;une</strong></span> <span class='ocrx_word' id='word_1_281' title='bbox 572 2223 685 2247; x_wconf 81' lang='lat' dir='ltr'><strong>maniere</strong></span> <span class='ocrx_word' id='word_1_282' title='bbox 708 2222 831 2255; x_wconf 83' lang='lat' dir='ltr'><strong>complete</strong></span> <span class='ocrx_word' id='word_1_283' title='bbox 851 2228 876 2247; x_wconf 81' lang='lat' dir='ltr'><strong>et</strong></span> <span class='ocrx_word' id='word_1_284' title='bbox 894 2230 952 2247; x_wconf 69' lang='lat' dir='ltr'><strong>avec</strong></span> <span class='ocrx_word' id='word_1_285' title='bbox 967 2222 1010 2247; x_wconf 71' lang='lat' dir='ltr'><strong>des</strong></span> <span class='ocrx_word' id='word_1_286' title='bbox 1027 2223 1132 2255; x_wconf 75' lang='lat' dir='ltr'><strong>figures,</strong></span> <span class='ocrx_word' id='word_1_287' title='bbox 1152 2222 1188 2247; x_wconf 74' lang='lat' dir='ltr'><strong>les</strong></span> <span class='ocrx_word' id='word_1_288' title='bbox 1204 2222 1371 2255; x_wconf 78' lang='lat' dir='ltr'><strong>changemens</strong></span> <span class='ocrx_word' id='word_1_289' title='bbox 1392 2223 1581 2254; x_wconf 80' lang='lat' dir='ltr'><strong>qu&#39;e&#39;prouvent</strong></span> <span class='ocrx_word' id='word_1_290' title='bbox 1601 2219 1624 2245; x_wconf 87' lang='lat' dir='ltr'><strong>le</strong></span> <span class='ocrx_word' id='word_1_291' title='bbox 1641 2220 1764 2254; x_wconf 80' lang='lat' dir='ltr'><strong>squelette</strong></span> <span class='ocrx_word' id='word_1_292' title='bbox 1781 2226 1806 2246; x_wconf 84' lang='lat' dir='ltr'><strong>et</strong></span> <span class='ocrx_word' id='word_1_293' title='bbox 1821 2219 1858 2246; x_wconf 85' lang='lat' dir='ltr'><strong>les</strong></span> <span class='ocrx_word' id='word_1_294' title='bbox 1873 2228 1945 2245; x_wconf 86' lang='lat' dir='ltr'><strong>mus-</strong></span> 
     </span>
     <span class='ocr_line' id='line_1_33' title="bbox 260 2267 1945 2304; baseline -0.002 -9"><span class='ocrx_word' id='word_1_295' title='bbox 260 2282 271 2295; x_wconf 75' lang='lat' dir='ltr'><strong>n</strong></span> <span class='ocrx_word' id='word_1_296' title='bbox 286 2269 336 2295; x_wconf 80' lang='lat' dir='ltr'><strong>cles</strong></span> <span class='ocrx_word' id='word_1_297' title='bbox 352 2269 395 2294; x_wconf 86' lang='lat' dir='ltr'><strong>des</strong></span> <span class='ocrx_word' id='word_1_298' title='bbox 411 2269 564 2302; x_wconf 83' lang='lat' dir='ltr'><strong>grenouilles</strong></span> <span class='ocrx_word' id='word_1_299' title='bbox 583 2275 608 2295; x_wconf 86' lang='lat' dir='ltr'><strong>et</strong></span> <span class='ocrx_word' id='word_1_300' title='bbox 622 2269 666 2295; x_wconf 81' lang='lat' dir='ltr'><strong>des</strong></span> <span class='ocrx_word' id='word_1_301' title='bbox 684 2269 872 2299; x_wconf 78' lang='lat' dir='ltr'><strong>salamandres‚</strong></span> <span class='ocrx_word' id='word_1_302' title='bbox 892 2270 955 2295; x_wconf 79' lang='lat' dir='ltr'><strong>dans</strong></span> <span class='ocrx_word' id='word_1_303' title='bbox 970 2270 1007 2295; x_wconf 71' lang='lat' dir='ltr'><strong>les</strong></span> <span class='ocrx_word' id='word_1_304' title='bbox 1023 2270 1171 2296; x_wconf 74' lang='lat' dir='ltr'><strong>differentes</strong></span> <span class='ocrx_word' id='word_1_305' title='bbox 1187 2278 1295 2304; x_wconf 77' lang='lat' dir='ltr'><strong>epoques</strong></span> <span class='ocrx_word' id='word_1_306' title='bbox 1316 2268 1346 2294; x_wconf 82' lang='lat' dir='ltr'><strong>dc</strong></span> <span class='ocrx_word' id='word_1_307' title='bbox 1363 2268 1418 2294; x_wconf 81' lang='lat' dir='ltr'><strong>leur</strong></span> <span class='ocrx_word' id='word_1_308' title='bbox 1436 2268 1505 2293; x_wconf 56' lang='lat' dir='ltr'><strong>vie-³</strong></span> <span class='ocrx_word' id='word_1_309' title='bbox 1543 2268 1608 2293; x_wconf 76' lang='lat' dir='ltr'><strong>vide</strong></span> <span class='ocrx_word' id='word_1_310' title='bbox 1626 2268 1710 2294; x_wconf 78' lang='lat' dir='ltr'><strong>Revuc</strong></span> <span class='ocrx_word' id='word_1_311' title='bbox 1724 2267 1945 2301; x_wconf 78' lang='lat' dir='ltr'><strong>Encyclopedique</strong></span> 
     </span>
     <span class='ocr_line' id='line_1_34' title="bbox 264 2316 604 2350; baseline 0.003 -7"><span class='ocrx_word' id='word_1_312' title='bbox 264 2316 355 2345; x_wconf 66' lang='lat' dir='ltr'><strong>luillet</strong></span> <span class='ocrx_word' id='word_1_313' title='bbox 374 2318 446 2343; x_wconf 76' lang='lat'>1828.</span> <span class='ocrx_word' id='word_1_314' title='bbox 473 2325 529 2350; x_wconf 80' lang='lat' dir='ltr'><strong>pag.</strong></span> <span class='ocrx_word' id='word_1_315' title='bbox 547 2319 604 2344; x_wconf 77' lang='lat'><strong>262.</strong></span> 
     </span>
    </p>

    <p class='ocr_par' dir='ltr' id='par_1_14' title="bbox 258 2360 1945 2454">
     <span class='ocr_line' id='line_1_35' title="bbox 297 2360 1945 2399; baseline -0.001 -8"><span class='ocrx_word' id='word_1_316' title='bbox 297 2365 352 2399; x_wconf 30' lang='lat'>(2⁴)</span> <span class='ocrx_word' id='word_1_317' title='bbox 378 2363 497 2390; x_wconf 79' lang='lat' dir='ltr'><strong>conferri</strong></span> <span class='ocrx_word' id='word_1_318' title='bbox 516 2363 558 2389; x_wconf 87' lang='lat' dir='ltr'><strong>hic</strong></span> <span class='ocrx_word' id='word_1_319' title='bbox 576 2370 688 2390; x_wconf 74' lang='lat' dir='ltr'><strong>meretur</strong></span> <span class='ocrx_word' id='word_1_320' title='bbox 714 2365 743 2390; x_wconf 83' lang='lat' dir='ltr'><strong>Cl</strong></span> <span class='ocrx_word' id='word_1_321' title='bbox 770 2366 795 2392; x_wconf 76' lang='lat' dir='ltr'><strong>J:</strong></span> <span class='ocrx_word' id='word_1_322' title='bbox 813 2374 836 2392; x_wconf 79' lang='lat' dir='ltr'><strong>v.</strong></span> <span class='ocrx_word' id='word_1_323' title='bbox 857 2365 880 2392; x_wconf 87' lang='lat' dir='ltr'><strong>d.</strong></span> <span class='ocrx_word' id='word_1_324' title='bbox 899 2365 1036 2391; x_wconf 79' lang='lat' dir='ltr'><strong>Hoeven</strong></span> <span class='ocrx_word' id='word_1_325' title='bbox 1056 2366 1082 2391; x_wconf 87' lang='lat' dir='ltr'><strong>in</strong></span> <span class='ocrx_word' id='word_1_326' title='bbox 1100 2365 1278 2392; x_wconf 74' lang='lat' dir='ltr'><strong>dissertatione</strong></span> <span class='ocrx_word' id='word_1_327' title='bbox 1304 2366 1334 2392; x_wconf 79' lang='lat' dir='ltr'><strong>de</strong></span> <span class='ocrx_word' id='word_1_328' title='bbox 1358 2365 1456 2392; x_wconf 85' lang='lat' dir='ltr'><strong>Sceleto</strong></span> <span class='ocrx_word' id='word_1_329' title='bbox 1482 2363 1590 2397; x_wconf 76' lang='lat' dir='ltr'><strong>piscium</strong></span> <span class='ocrx_word' id='word_1_330' title='bbox 1610 2363 1639 2390; x_wconf 86' lang='lat' dir='ltr'><strong>L.</strong></span> <span class='ocrx_word' id='word_1_331' title='bbox 1654 2362 1685 2392; x_wconf 63' lang='lat' dir='ltr'>E</span> <span class='ocrx_word' id='word_1_332' title='bbox 1706 2363 1777 2391; x_wconf 79' lang='lat'>1822.</span> <span class='ocrx_word' id='word_1_333' title='bbox 1797 2362 1840 2395; x_wconf 81' lang='lat' dir='ltr'><strong>qui</strong></span> <span class='ocrx_word' id='word_1_334' title='bbox 1859 2360 1945 2397; x_wconf 70' lang='lat' dir='ltr'><strong>pag-4</strong></span> 
     </span>
     <span class='ocr_line' id='line_1_36' title="bbox 258 2411 970 2454; baseline -0.001 -15"><span class='ocrx_word' id='word_1_335' title='bbox 258 2421 329 2448; x_wconf 54' lang='lat' dir='ltr'><strong>seqqg</strong></span> <span class='ocrx_word' id='word_1_336' title='bbox 345 2411 443 2454; x_wconf 56' lang='lat' dir='ltr'><strong>egregie</strong></span> <span class='ocrx_word' id='word_1_337' title='bbox 462 2411 514 2444; x_wconf 75' lang='lat' dir='ltr'><strong>agit</strong></span> <span class='ocrx_word' id='word_1_338' title='bbox 532 2411 561 2438; x_wconf 89' lang='lat' dir='ltr'><strong>de</strong></span> <span class='ocrx_word' id='word_1_339' title='bbox 576 2411 654 2437; x_wconf 78' lang='lat' dir='ltr'><strong>variis</strong></span> <span class='ocrx_word' id='word_1_340' title='bbox 673 2412 768 2438; x_wconf 82' lang='lat' dir='ltr'><strong>ossium</strong></span> <span class='ocrx_word' id='word_1_341' title='bbox 787 2413 970 2442; x_wconf 77' lang='lat' dir='ltr'><strong>functionibus.</strong></span> 
     </span>
    </p>
   </div>
  </div>
 </body>
</html>
