2080 2744
462 181 815 219 COMMENTATIO
840 186 890 213 An
915 177 1257 224 QUAESTIONEM
1280 176 1606 212 ZOOLOGICAM.
1832 178 1878 214 55

199 280 246 314 do
275 276 455 312 evanescit.
507 276 620 316 Hocce
651 285 714 319 par
739 272 877 304 nomine
908 269 1112 303 arteriarum
1139 269 1431 315 pulmonariarum
1451 268 1624 312 'ginsigniri
1661 276 1786 312 posset.

240 334 436 372 Secundum
454 344 537 376 par,
558 344 576 364 e
604 339 727 362 trunco
753 328 925 365 communi
945 327 1145 359 arteriarum
1172 326 1356 358 oriundum
1380 326 1478 359 facile
1497 325 1717 368 dignoscitur.
1767 326 1871 358 Utra-

200 404 267 438 que
287 389 411 422 arteria
443 398 511 421 tam
537 387 658 419 dextra
686 397 787 429 quam
817 384 951 416 sinistra
968 409 977 421 ‚
1003 383 1210 428 expanditur
1241 385 1278 416 in
1306 383 1390 415 duos
1419 382 1591 422 sacculos,
1623 383 1762 424 jamjam
1794 393 1875 414 vero

197 454 416 490 angustantur
436 445 599 489 parietes,
625 442 792 486 quaedam
818 438 994 472 arteriolae
1016 439 1218 471 emittuntur
1239 440 1275 471 in
1297 439 1446 480 linguam
1467 445 1501 470 et
1519 438 1687 482 palatum,
1712 438 1870 470 tandem-

197 515 263 549 que
285 503 410 536 iterum
430 501 466 532 in
481 499 630 532 sacculos
645 505 779 530 exeunt.
804 496 980 529 Sententia
1002 495 1024 528 S
1038 494 1441 532 wammerdammii,
1467 493 1639 527 credentis
1658 494 1757 526 hasce
1777 502 1870 527 arte-

191 561 264 600 rias
295 559 331 590 in
353 558 473 602 gyrino
498 555 695 597 sanguinem
715 552 891 586 branchiis
915 551 1094 583 adduxisse
1110 574 1120 592 ‚
1144 552 1259 583 nescio
1281 563 1324 582 an
1344 550 1462 584 valeat.

240 614 398 648 Tertium
422 623 486 656 par
518 610 716 642 arteriarum
751 622 769 642 e
796 618 919 641 trunco
947 607 1117 639 communi
1145 607 1369 639 oriundarum
1400 608 1584 639 maximum
1611 614 1662 640 est
1695 615 1729 639 et
1763 615 1874 639 aortae

195 669 372 713 analogum
400 657 438 700 in
463 667 658 699 lumborum
683 667 821 708 regione
843 665 992 698 exhibet.
1037 663 1159 695 Statim
1178 665 1246 705 jam
1273 675 1290 695 e
1321 662 1424 696 corde
1451 663 1614 695 oriundae
1637 663 1752 695 ambae
1780 672 1873 695 arte-

193 729 263 760 riae
289 737 370 770 gyro
403 723 548 766 eleganti
578 724 793 762 fleetuntur,
826 721 1036 764 arteriasque
1070 720 1222 752 axillares
1252 721 1426 753 emittunt.
1480 720 1630 752 Ulterius
1655 721 1875 752 tendentibus

194 783 231 814 in
252 781 419 814 abdomen
434 804 443 821 ⁷
469 792 509 812 ex
531 779 597 811 illis
615 780 772 811 oriuntur
797 779 938 811 arteriae
961 777 1145 817 carotides,
1173 789 1257 821 quae
1281 778 1319 809 in
1342 778 1447 809 altum
1472 786 1623 820 repunt,
1649 785 1683 808 et
1705 777 1794 809 inter
1817 788 1874 809 os-

188 850 231 882 *sa
252 837 358 870 cranii
387 844 582 881 penetrant.
627 837 701 868 Jam
725 837 793 877 jam
822 835 979 867 oriuntur
1003 834 1145 865 arteriae
1173 833 1402 870 vertebrales,
1428 834 1490 866 hae
1515 846 1595 866 vero
1621 834 1688 866 cito
1718 833 1754 865 in
1774 845 1877 865 uuam

195 901 341 933 coeunt,
369 900 471 935 atque
492 892 651 922 emittunt
669 892 828 923 arteriam
853 891 1133 929 mesentericam,
1156 889 1294 921 arterias
1317 890 1506 931 lumbares,
1530 891 1667 922 arterias
1702 891 1738 921 in
1767 890 1877 921 mari-

194 950 258 981 bus
275 947 528 984 testiculorum,
551 947 586 978 in
606 947 740 979 seminis
761 947 968 985 orm-iorum,
994 946 1132 976 arterias
1153 944 1284 976 renales
1305 953 1339 977 et
1358 958 1468 979 ramos
1490 947 1617 979 iliacos.
1650 945 1800 978 Ulterius
1819 958 1878 978 ra-

194 1004 418 1037 mificationes
441 1004 538 1046 sequi
554 1003 755 1034 arteriarum
774 1011 906 1046 tempus
930 1014 999 1034 non
1022 1002 1168 1033 sinebat.

234 1061 369 1092 Venosa
398 1059 574 1093 circulatio
609 1059 650 1091 ab
678 1058 838 1091 arterioszi
871 1058 970 1091 valde
998 1058 1126 1090 differt.
1180 1057 1296 1090 Venae
1325 1057 1580 1099 pulmonariae,
1608 1069 1693 1099 quae
1722 1058 1834 1090 statim
1861 1071 1879 1090 a

193 1116 367 1162 superiore
400 1116 512 1148 cordis
542 1124 640 1161 parte
667 1116 825 1149 oriuntur
856 1115 964 1159 duplo
989 1117 1134 1157 majores
1167 1122 1247 1146 sunt
1274 1113 1405 1145 arteriis
1440 1113 1711 1156 pulmonaribus.
1764 1115 1879 1148 Pene-

194 1181 288 1206 trant
310 1173 346 1203 in
369 1173 547 1204 cavitatem
571 1174 748 1216 utriusque
773 1173 944 1217 pulmonis
966 1181 999 1204 et
1022 1171 1206 1215 praecipue
1231 1171 1267 1200 in
1290 1170 1435 1213 parietes
1464 1178 1497 1201 et
1519 1170 1625 1202 latera
1651 1170 1847 1203 cellularum
1867 1198 1876 1209 ,

194 1242 277 1274 quas
303 1230 522 1272 capillaribus
547 1229 762 1261 circumdant
785 1229 937 1261 vasculis.
990 1230 1057 1261 Vas
1086 1238 1167 1260 vero
1190 1224 1283 1266 quod
1312 1225 1473 1269 princeps
1503 1226 1703 1268 pulmonum
1729 1239 1783 1259 vas
1809 1228 1876 1259 ha-

193 1287 297 1318 betur
321 1285 379 1315 hic
402 1295 471 1314 non
492 1283 692 1323 invenitur3
724 1294 817 1313 vena
842 1281 1037 1312 arteriosa.
1082 1280 1153 1311 Nec
1181 1278 1240 1310 illa
1267 1287 1317 1310 est
1342 1281 1553 1320 necessariag
1587 1282 1761 1314 circulatio
1784 1277 1882 1317 'enim

193 1353 300 1386 quum
330 1340 373 1372 sit
401 1338 627 1383 imperfecta,
658 1350 738 1382 pars
769 1336 935 1382 quaedam
968 1335 1204 1368 tantummodo
1229 1336 1402 1378 sanguinis
1434 1336 1653 1382 pulmonibus
1677 1340 1877 1382 potest-af-

190 1398 310 1431 fluere.

238 1454 438 1495 Superiores
472 1450 549 1481 illae
582 1461 687 1482 venae
719 1447 954 1492 pulmonariae
985 1459 1076 1482 trans
1105 1449 1245 1481 arterias
1282 1447 1431 1480 tendunt
1458 1456 1491 1481 et
1521 1449 1728 1482 ramusculos
1756 1459 1879 1483 exten-

193 1509 303 1549 dunt,
330 1519 474 1550 quorum
502 1505 641 1549 quidam
666 1518 724 1542 os,
750 1505 805 1537 alii
835 1514 938 1549 caput
966 1513 1102 1549 petunt.
1158 1505 1365 1537 Posteriores
1401 1505 1566 1547 quasdam
1588 1506 1690 1538 etiam
1718 1507 1879 1539 emittunt

194 1563 458 1598 ramificationes
481 1562 517 1592 in
540 1562 726 1591 anteriores
755 1563 871 1591 trunci
895 1561 1117 1605 appendices.

238 1620 292 1652 Ex
318 1617 440 1650 eodem
461 1625 585 1648 trunco
610 1617 767 1647 oriuntur
789 1628 892 1648 venae
916 1615 1070 1647 axillares
1094 1627 1110 1647 e
1136 1617 1258 1659 quibus
1289 1616 1498 1659 proveniunt
1527 1616 1594 1648 duo
1619 1617 1760 1651 brachia
1792 1632 1876 1664 quae

184 1675 339 1718 *eleganti
359 1685 439 1717 gyro
461 1673 551 1704 inter
573 1670 740 1705 musculos
764 1671 954 1708 abdominis
975 1681 1009 1704 et
1027 1680 1158 1713 cutem,
1182 1681 1459 1716 supet-,ventrem
1486 1680 1673 1705 transeunt.

239 1734 400 1765 Truncus
423 1741 526 1762 venae
550 1741 646 1761 cavae
670 1728 733 1760 sub
755 1728 857 1760 corde
881 1728 1023 1773 simplex
1044 1738 1105 1761 est.
1150 1730 1224 1761 Jam
1244 1730 1312 1771 jam
1333 1729 1456 1761 emittit
1478 1738 1544 1760 tres
1572 1741 1704 1769 ramos,
1730 1732 1789 1774 qui
1816 1743 1879 1776 per

195 1790 306 1832 hepar
335 1785 514 1818 tendentes
555 1785 757 1818 dividuntur
789 1793 822 1817 et
857 1786 892 1816 in
919 1786 1093 1817 inlinitum
1134 1786 1380 1817 ramificantur.
1435 1786 1486 1817 Ex
1518 1786 1641 1828 hepate
1674 1788 1781 1819 oritur
1815 1801 1877 1821 ve·-

195 1857 241 1877 na
274 1842 514 1883 mesentcriea3
543 1842 604 1873 suh
636 1841 694 1873 illa
728 1844 812 1873 vend
841 1853 919 1873 cava
945 1841 1187 1884 elegantissime
1216 1841 1381 1874 dividitur
1414 1842 1450 1872 in
1477 1841 1658 1883 superficie
1680 1855 1801 1876 renum
1820 1846 1875 1877 ci-

183 1901 300 1943 'toque
330 1900 363 1930 in
390 1898 457 1930 duo
487 1910 600 1930 omnes
631 1898 889 1930 ramificationes
912 1908 1034 1930 coeunt
1057 1898 1219 1939 brachia,
1244 1898 1426 1942 iliacasque
1445 1898 1594 1929 formant
1617 1911 1731 1940 venas,
1755 1913 1772 1933 e
1796 1903 1877 1945 qui-

197 1956 262 1988 hus
289 1956 398 1987 oritur
422 1966 506 1987 vena
530 1954 742 1995 abdominis,
767 1967 852 1999 quae
871 1956 1058 1988 seeundum
1076 1955 1299 1988 directionem
1319 1953 1462 1986 musculi
1486 1954 1572 1986 recti
1594 1954 1784 1988 abdominis
1809 1957 1874 1994 hve-

195 2024 259 2059 par
280 2012 378 2055 petit.

242 2067 385 2108 Sanguis
404 2067 542 2099 arterias
558 2066 733 2110 perfluens
751 2068 818 2109 jam
834 2069 902 2110 jam
924 2069 1072 2103 xixidum
1092 2082 1189 2102 suum
1207 2068 1355 2102 colorem
1380 2069 1524 2109 amittit,
1549 2071 1672 2112 partes]
1689 2069 1878 2101 nutrititiae

199 2123 429 2156 extrahuntur
445 2146 455 2164 ,
478 2132 590 2168 partes
614 2124 805 2167 superfluae
824 2125 876 2157 vel
904 2125 1020 2158 saltem
1043 2127 1181 2158 minoris
1204 2126 1358 2158 utilitatis
1382 2125 1638 2169 relinquuntur.
1683 2126 1785 2157 Color
1809 2138 1875 2157 ru.-

183 2179 371 2229 *bicundus
391 2180 428 2212 in
448 2180 619 2223 nigrorem
640 2180 732 2215 abit:
755 2200 798 2208 —
821 2194 863 2215 ne
886 2183 991 2215 multa
1014 2182 1147 2227 dicam3
1173 2183 1303 2225 sanguis
1326 2182 1504 2214 arteriosus
1527 2183 1563 2221 in
1580 2191 1744 2215 venesum
1761 2189 1876 2213 trans-

199 2244 343 2269 mutatus
364 2244 426 2270 est.
