2080 2744
261 198 310 231 34-
648 196 1035 231 ,H.,L.-''v'AN
1120 197 1546 243 ALTENA,

269 299 334 331 que
358 286 580 330 temporalem
604 295 707 319 totam
725 287 798 320 fer‘e
818 287 1016 331 complens,
1039 289 1076 322 in
1096 291 1227 331 postica
1249 291 1456 337 internaque
1481 301 1579 337 parte
1603 293 1757 326 maxillae
1773 289 1951 330 inferioris

268 345 431 376 inseritur
455 344 655 388 expansioni
677 355 786 377 osseae
810 345 1055 384 coronoideae,
1077 347 1198 380 huicce
1221 347 1298 380 usui
1321 345 1530 382 solummodo
1550 350 1623 383 fere
1645 351 1858 386 inservienti.

302 402 364 434 ·M.
387 402 580 433 Illas-seler-
625 401 801 434 Masculus
819 414 890 434 non
909 402 955 435 ita
974 412 1113 445 magnus
1137 412 1198 437 est.
1243 405 1315 437 Sub
1333 406 1526 451 crotaphite
1551 415 1585 439 et
1603 408 1743 452 quidem
1760 409 1797 441 in
1814 408 1946 455 postica

266 456 418 489 maxillae
440 456 612 488 inferioris
635 464 734 500 parte
754 459 937 500 inseritur,
961 460 1138 492 cavitatem
1162 460 1383 507 temporalem
1400 462 1522 495 transit
1541 472 1577 496 et
1594 465 1637 496 ab
1660 464 1825 510 apophysi
1847 464 1946 497 orbi-

267 512 350 545 tati&
374 512 458 544 ossis
485 512 646 557 quadrati
668 514 835 555 originem
860 515 968 548 ducit.

308 570 361 602 M.
384 570 650 612 Pterygo'zdezcs
672 577 853 603 extersum.
900 572 950 602 Ex
974 574 1105 604 orbitae
1126 583 1226 616 parte
1254 575 1444 621 posteriore
1473 576 1659 619 provenit,
1692 584 1726 609 et
1756 576 1897 621 quidem
1929 591 1948 610 a

265 626 370 658 latere
403 627 483 658 ossis
517 624 741 670 sphaenoidei
772 624 983 671 tandemque
1023 628 1183 670 angulum
1218 631 1373 664 maxillae
1399 632 1572 665 inferioris
1603 633 1794 666 circumdat
1829 633 1950 678 illique

261 682 436 714 inseritur.

308 740 360 771 M.
379 739 653 783 Pterygo'zdeas
673 740 842 772 internus
866 751 943 772 eum
963 741 1207 784 Pterygoi'deo
1230 750 1375 777 externo
1392 742 1477 775 mihi
1496 744 1568 777 fere
1591 743 1842 786 conglutinatus
1860 747 1949 778 visus

270 805 330 828 est.
365 796 512 828 Insertio
532 805 645 828 tamen
668 797 822 837 sejuncta
843 804 937 836 erat3
961 797 1123 829 inseritur
1142 797 1232 831 enim
1249 801 1363 833 statim
1384 799 1484 833 lateri
1503 800 1640 834 interno
1666 801 1774 845 partis
1798 802 1950 845 posticae

266 852 420 884 maxillae
440 852 633 891 inferioris,
660 861 750 896 pone
767 853 1044 895 pterygo'z'deam
1063 860 1263 888 externum.

308 911 360 941 M.
385 909 627 950 Digastrc'cus
649 906 772 950 planus
794 916 865 949 est,
891 908 1124 950 triangularis,
1146 910 1212 942 lata
1225 912 1298 953 ejus
1320 921 1400 955 pars
1413 911 1597 956 ligamento
1615 911 1772 945 cervicali
1789 912 1951 946 adhaeret

265 967 406 1009 ejusque
429 965 534 997 altera
561 965 755 997 extremitas
783 965 933 1009 posticae
959 965 1111 997 maxillae
1139 966 1311 998 inferioris
1337 969 1429 1010 parti
1464 969 1647 1007 inseritur,
1679 976 1758 1010 post
1787 969 1951 1002 articula-

265 1023 397 1054 tionenr
413 1033 489 1055 cum
516 1032 588 1054 osse
611 1020 781 1065 quadrato
804 1028 839 1052 et
860 1019 983 1063 jugali,
1007 1021 1045 1053 in
1069 1021 1220 1055 confinio
1242 1021 1476 1058 musculorum
1494 1023 1808 1067 Pterygoideorum.

1087 1121 1126 1154 G.

686 1203 879 1236 Masculi
907 1203 1111 1247 laryngis
1143 1212 1186 1238 et
1216 1206 1392 1249 linguae
1429 1208 1509 1251 (ι).

302 1307 349 1337 Os
369 1302 557 1347 hyo'i‘deum
573 1301 610 1333 in
624 1299 858 1344 osteographia
881 1310 952 1332 non
977 1299 1245 1344 descripsimus3
1270 1301 1370 1334 satius
1390 1303 1482 1334 enim
1504 1302 1711 1335 ducebamus
1732 1305 1774 1336 de
1795 1305 1854 1338 illo
1868 1318 1948 1348 age-

260 1362 353 1393 rein
383 1359 492 1404 capite
521 1358 564 1390 de
599 1357 731 1399 organis
758 1355 956 1397 digestionis
982 1364 1015 1388 et
1041 1357 1298 1399 respirationis,
1331 1358 1425 1391 hisce
1461 1359 1698 1391 functionibus
1733 1361 1824 1394 enim
1847 1362 1950 1405 plane

259 1417 472 1458 adscriptum
492 1422 553 1446 est.
598 1413 653 1445 Ibi
674 1413 777 1454 igitur
797 1413 870 1453 ejus
891 1412 1000 1443 forma
1024 1412 1176 1456 aliaeque
1199 1414 1428 1456 proprietates
1451 1414 1620 1447 videndae
1648 1424 1739 1448 sunt.

301 1470 452 1506 Musculi
478 1471 546 1512 jam
569 1469 610 1501 de
633 1469 758 1512 quibus
786 1478 880 1499 nunc
908 1467 1007 1498 nobis
1032 1466 1082 1499 est
1107 1467 1300 1509 agendum,
1323 1478 1424 1501 sunt:

305 1530 357 1562 DI.
379 1526 673 1570 llffylo-ltyo'z'dezcs
709 1525 769 1568 qui
800 1523 886 1556 latus
916 1532 965 1556 est
985 1524 1198 1569 spatiumque
1226 1525 1319 1557 inter
1339 1525 1511 1558 maxillam
1543 1526 1699 1559 dextram
1719 1536 1753 1560 et
1779 1530 1949 1566 sinistram

262 1585 459 1618 inferiorem
482 1582 594 1614 antice
624 1579 784 1623 complet.
828 1581 951 1612 Fibrae
977 1581 1049 1622 ejus
1079 1589 1272 1614 transverse
1304 1582 1520 1613 adscendunt
1540 1595 1559 1613 a
1585 1582 1677 1615 linea
1699 1582 1855 1618 mediana
1886 1598 1948 1619 us-

264 1654 331 1686 que
356 1640 399 1672 ad
423 1637 565 1671 brachia
586 1644 624 1668 ut
647 1636 694 1667 ita
712 1635 826 1668 dicam
847 1636 1025 1678 maxillae3
1052 1636 1151 1668 faciei
1168 1637 1325 1669 internae
1351 1636 1474 1668 horum
1494 1638 1713 1670 brachiorum
1738 1639 1950 1675 inseruntur.

266 1697 407 1744 Saepius
431 1693 520 1727 nihil
546 1701 596 1725 est
622 1693 721 1724 hicce
752 1692 923 1725 musculus
951 1693 1017 1725 nisi
1036 1694 1248 1734 menbrana,
1271 1693 1418 1725 fimbriis
1445 1693 1642 1726 musculosis
1669 1695 1776 1737 magis
1797 1697 1950 1730 minusve

265 1756 373 1794 farta,
398 1763 462 1784 nec
484 1762 591 1782 unum
617 1750 887 1793 continuumque
910 1760 1034 1794 corpus
1059 1749 1217 1783 offerens.

310 1813 362 1844 M.
389 1811 518 1842 Stet-no
542 1806 741 1848 hyo'z'deus3
766 1806 828 1837 sub
850 1814 966 1838 sterno
992 1804 1040 1837 ita
1064 1805 1282 1847 extenditur,
1306 1814 1344 1839 ut
1362 1805 1538 1837 dimidiam
1565 1805 1654 1838 illius
1679 1815 1812 1852 partem
1837 1816 1949 1849 tegat,

270 1871 373 1900 immo
401 1861 587 1908 aliquando
613 1861 746 1904 longius
776 1862 878 1895 etiam
908 1861 1125 1894 extendatur.
1170 1862 1337 1895 Plurimae
1372 1863 1444 1904 ejus
1470 1862 1576 1894 fibrae
1609 1863 1646 1894 in
1675 1864 1795 1908 pleni-{⁴1
1822 1875 1950 1896 evane-

272 1932 382 1957 scunt.
427 1921 552 1955 Antice
578 1918 730 1951 excurrit
749 1920 787 1951 in
808 1918 927 1962 plures
950 1918 1122 1959 fasciolas,
1147 1929 1231 1963 quae
1245 1919 1370 1951 sensim
1392 1918 1492 1952 faciei
1517 1920 1598 1951 ossis
1618 1919 1774 1963 hyoidei‚
1796 1927 1952 1952 sternam

272 1978 461 2024 spectanti,
491 1977 700 2007 inseruntur.
746 1973 823 2005 Una
850 1985 967 2006 verum
994 1986 1035 2005 ex
1063 1973 1158 2006 hisce
1183 1973 1294 2007 fasciis
1320 1986 1430 2018 usque
1453 1975 1496 2007 ad
1529 1975 1695 2008 exteriora
1732 1986 1857 2007 cornua
1885 1986 1949 2007 ex·-

276 2036 404 2074 currst,
429 2031 552 2076 quibus
574 2030 714 2062 tendine
736 2028 896 2060 adhaeret
916 2028 1046 2070 gracili.

319 2091 370 2122 M.
409 2087 695 2128 Omo-lzyo'z'cleus
720 2083 838 2125 longus
860 2091 910 2115 est
930 2091 963 2114 et
983 2084 1126 2126 gracilis.
1172 2084 1322 2118 Veniens
1349 2095 1367 2114 a
1391 2094 1497 2115 cornu
1519 2083 1680 2117 inferiore
1707 2083 1788 2116 ossis
1815 2083 1950 2127 hyoidei

276 2144 437 2176 inseritur
459 2141 522 2173 sub
551 2139 637 2171 collo
662 2139 829 2185 scapulae.

318 2200 369 2230 M.
397 2198 494 2239 SlyZo
518 2196 702 2240 lzyo'z'deus.
748 2196 779 2228 A
803 2195 934 2241 postica
961 2195 1079 2239 capitis
1108 2203 1208 2239 parte
1232 2203 1310 2241 post
1335 2202 1534 2238 tympanum
1564 2196 1744 2238 provenit,
1767 2196 1826 2228 ubi
1856 2196 1949 2236 juxta

1847 2257 1946 2282 ster-

311 2343 366 2380 (1)
393 2341 510 2369 conferri
530 2347 676 2368 merentur:
695 2341 846 2368 vermischte
863 2342 992 2369 Schriften
1015 2352 1063 2369 von
1086 2344 1118 2371 G.
1138 2344 1168 2371 R.
1185 2343 1235 2369 und
1253 2343 1281 2370 L.
1300 2343 1327 2369 C.
1346 2342 1558 2368 Treviranus
1579 2340 1667 2366 Erster
1684 2339 1763 2367 band,-
1780 2340 1823 2366 ubi
1847 2348 1901 2375 pag.
1916 2341 1947 2374 94

276 2401 345 2428 seqq.
373 2388 575 2424 elegantissimae
593 2388 701 2422 figurae,
719 2389 827 2415 musculi
845 2389 1065 2425 Genio-hyemes,
1084 2389 1154 2423 Myle
1172 2389 1274 2423 h50'1'dei
1289 2410 1296 2424 ‚
1313 2389 1422 2415 musculi
1437 2389 1509 2422 parvi
1532 2388 1685 2421 transversi,
1705 2386 1878 2414 inveniuntur.
