2080 2744
462 186 812 226 COMMENTATIO
838 190 889 218 ,tn
912 179 1258 227 QUAESTIONEM
1282 180 1607 214 zoonoetcmu.
1845 187 1887 219 53

209 292 298 331 ‘quae
315 283 396 317 sunt
416 291 528 321 ossea,
552 282 644 314 recta
666 280 757 312 linea
779 279 927 313 tendunt
951 275 1195 318 cavitatemque
1213 274 1364 307 formant
1382 273 1514 318 laryngi
1534 273 1754 319 recipiendae
1775 281 1887 317 aptam

206 351 241 376 et
264 339 388 374 deinde
413 339 449 369 in
470 349 576 369 unum
609 337 797 368 confluunt.
843 334 1008 379 Laryngis
1041 332 1228 364 substantia
1256 332 1351 376 ipsa,
1387 339 1455 363 tota
1475 332 1547 363 fere
1576 339 1627 363 est
1656 330 1890 372 cartilaginosa

204 399 241 431 in
265 395 373 429 media
397 394 539 425 laminae
557 405 637 426 vero
660 393 840 438 superficie
863 401 1030 436 apparent
1059 393 1294 425 ossificationis
1319 392 1484 436 quaedam
1519 401 1659 436 puncta.
1706 393 1795 423 Tota
1817 391 1887 423 fere

206 461 333 498 quanta
349 460 417 489 est,
444 451 634 492 contegitur
656 450 697 482 ab
719 450 885 482 anteriore
905 459 1001 491 parte
1017 449 1096 481 ossis
1119 448 1286 499 stet-nalibs.
1332 448 1569 490 Deglutitionis
1597 448 1800 490 organismus
1818 449 1887 490 jam

202 510 375 542 absolutus
397 516 469 548 est,
493 507 529 538 in
556 507 665 551 capite
686 506 729 537 de
747 504 1027 550 splanchnologiss,
1051 505 1139 538 vitae
1169 504 1344 545 animalis,
1368 503 1538 547 igiturque
1563 503 1620 534 hic
1647 502 1884 535 transeundus.

253 567 350 598 Cutis
382 573 496 607 guttur
530 564 679 595 formans
712 563 748 593 in
785 561 1014 594 ventriculum
1050 561 1136 593 ¹abit.
1192 561 1305 593 Antea
1338 571 1418 592 vero
1453 559 1588 592 inferne
1621 560 1741 592 rimam
1769 571 1883 603 quan-

201 624 280 655 dam
311 621 433 657 offert,
456 619 554 650 labiis
583 619 650 650 suis
685 618 860 661 laryngem
890 618 1224 650 «th-cumvenientem.
1271 617 1491 651 Ventriculus
1519 631 1537 649 a
1565 618 1680 650 cardia
1707 630 1815 661 usque
1842 617 1885 648 ad

198 678 358 725 pylorum
377 675 590 708 infundibuli
617 675 792 716 cujusdam
816 675 961 707 formam
984 676 1081 707 offert
1097 699 1106 715 ‚
1131 675 1227 715 cujus
1253 674 1353 705 tubus
1383 673 1547 705 formatur
1572 675 1613 706 ab
1640 675 1820 707 intestinis,

242 734 404 767 Valvulae
429 742 495 765 tam
515 733 551 764 in
578 731 694 764 cardia
716 744 817 775 quam
841 733 878 763 in
899 731 1020 774 pyloro
1042 731 1188 770 desunt3
1214 729 1326 773 pylori
1353 741 1431 762 vero
1451 729 1544 762 locus
1574 731 1770 772 designatur
1799 744 1883 762 ana-

201 792 336 825 stomosi
357 790 506 834 quadam
530 801 615 833 quae
636 787 865 821 ventriculum
893 799 969 819 cum
989 787 1157 819 intestinis
1184 787 1373 829 conjungit.
1419 787 1514 818 Inter
1534 787 1695 819 intestina
1714 789 1827 820 tenuia
1850 797 1884 819 et

202 860 312 881 crassa
328 847 384 885 vix
408 846 604 886 distinguas.
651 844 785 876 Tenuia
808 844 970 876 intestina
996 858 1012 876 a
1033 844 1155 888 pyloro
1178 844 1261 876 iude
1284 842 1501 887 procedunt,
1532 842 1788 889 parietibusque
1816 845 1881 875 fir-

200 902 353 936 missimis
389 899 665 942 densissimisque
701 900 801 930 initio
826 899 1059 938 circumdata,
1090 899 1162 929 leni
1190 899 1335 930 decursu
1368 899 1610 942 procedentia,
1645 900 1789 931 transitu
1813 899 1884 932 fere

199 957 391 992 insensibili
422 965 547 989 exeunt
585 956 623 986 iu
661 966 797 991 crassa,
835 954 1075 997 dissepimenta
1109 953 1277 997 quaedam
1311 955 1408 985 oculo
1441 955 1589 987 offerunt
1619 955 1884 997 elegantissima,

201 1026 286 1059 quae
317 1012 567 1045 semicirculoso
586 1023 668 1054 gyro
700 1019 802 1043 totam
825 1011 979 1042 intestini
1006 1010 1226 1053 superficiem
1246 1010 1420 1042 internam
1445 1011 1716 1052 circumtegunt,
1750 1021 1785 1044 et
1809 1025 1886 1045 cum

201 1069 450 1113 dissepimentis
484 1069 521 1100 in
555 1068 717 1100 intestino
747 1067 950 1110 acipenseris
981 1065 1141 1097 sturionis
1176 1065 1423 1105 observandis,
1457 1067 1576 1099 miram
1607 1068 1781 1110 quandam
1818 1071 1889 1100 mi-

200 1127 238 1158 hi
263 1126 427 1171 praebere
460 1125 666 1158 videbantur
695 1124 891 1165 analogiam.
949 1121 1147 1159 valvulam,
1183 1134 1283 1166 quam
1315 1121 1525 1154 Cuvierus
1550 1132 1667 1154 narrat
1700 1124 1815 1156 adesse
1851 1127 1888 1158 in

202 1182 445 1224 conjunctione
472 1182 625 1213 tenuium
655 1188 688 1212 et
713 1192 902 1213 crassorum
921 1179 1180 1216 intestinorum,
1204 1189 1264 1218 ego
1297 1178 1476 1209 observare
1504 1191 1573 1210 non
1597 1178 1697 1212 valui.
1741 1180 1885 1213 Intesti-

198 1249 282 1270 num
306 1250 454 1268 crassum
478 1237 580 1276 magis
611 1237 784 1276 magisque
808 1244 998 1266 coarctatur
1022 1246 1129 1274 usque
1159 1233 1202 1263 ad
1231 1232 1370 1263 initium
1394 1235 1500 1273 recti,
1527 1235 1586 1266 uhi
1612 1236 1726 1267 statim
1752 1248 1888 1280 expau-

201 1294 317 1332 ditur,
350 1290 568 1335 phiolamque
590 1290 713 1321 format
745 1288 1008 1331 amplissimam,
1034 1285 1280 1330 cylhulricam,
1308 1287 1519 1321 terminatam
1549 1303 1566 1321 a
1584 1291 1781 1333 sphinctere
1811 1298 1885 1336 ani,

204 1351 266 1394 qui
291 1348 460 1380 intestinis
487 1347 590 1378 finem
613 1346 781 1389 imponit,
807 1343 1089 1388 expellendisque
1119 1343 1269 1375 faecibus
1296 1344 1449 1376 inservit.
1493 1346 1647 1378 Cuvier
1659 1359 1703 1379 us
1730 1349 1789 1392 (1)
1820 1351 1888 1383 (10-

201 1404 275 1438 cuit
303 1414 426 1446 corpus
458 1403 570 1433 Ranae
603 1401 796 1433 esculentae
828 1414 846 1431 a
878 1400 986 1431 canali
1011 1399 1198 1430 intestinali
1227 1399 1328 1431 semel
1360 1402 1516 1443 superari
1548 1402 1760 1444 longitudine
1795 1408 1888 1450 quod

200 1461 312 1493 minus
349 1467 482 1490 rectum
512 1457 660 1490 videtur.
705 1459 746 1489 In
779 1456 934 1500 plurimis
967 1455 1080 1494 enim,
1115 1467 1200 1498 quae
1232 1455 1415 1496 dissecavi,
1452 1458 1664 1499 Bau-achiis,
1699 1469 1768 1497 tam
1793 1464 1884 1495 ranis

204 1527 306 1559 quam
328 1514 539 1555 husonibus,
564 1526 697 1558 semper
720 1514 791 1546 fere
811 1514 972 1545 intestina
992 1524 1113 1557 corpus
1144 1521 1195 1544 ter
1214 1512 1426 1554 longitudine
1447 1515 1664 1557 superabant.

244 1571 392 1604 Maxima
416 1581 495 1612 pars
523 1570 763 1600 intestinorum
785 1571 959 1600 sinistrum
984 1577 1127 1612 occupat
1154 1568 1251 1599 latus.
1297 1569 1499 1600 Membrana
1526 1572 1713 1605 musculosa
1736 1575 1771 1606 in
1799 1588 1886 1609 ven-

203 1626 328 1660 tr1culo
356 1633 389 1656 et
411 1625 508 1656 initio
532 1625 772 1656 intestinorum
800 1625 952 1655 tenuium
978 1624 1195 1663 observatur,
1221 1623 1347 1655 deiude
1371 1632 1483 1655 autem
1506 1625 1571 1657 tela
1600 1639 1756 1669 mucosa,
1780 1632 1886 1665 intes-

203 1684 276 1716 tina
297 1680 529 1714 tantummodo
553 1681 756 1712 constituere
784 1679 918 1712 videtur
944 1680 1034 1723 (2),
1058 1688 1091 1711 at
1120 1678 1240 1712 saltem
1274 1680 1389 1712 tunica
1411 1681 1597 1714 musculosa
1624 1683 1680 1717 hic
1708 1686 1755 1718 ita
1779 1691 1887 1722 tenuis

203 1747 276 1780 est,
299 1748 337 1771 ut
360 1738 608 1769 observatorem
632 1745 701 1768 tota
724 1745 852 1780 quanta
874 1736 989 1777 fugiat.

245 1797 334 1830 Vasa
361 1794 470 1826 lactea
492 1805 508 1825 e
535 1794 618 1825 tubo
641 1792 828 1825 intestinali
862 1792 1223 1834 chylumxabsorhent.
1269 1796 1394 1827 Eorum
1412 1795 1572 1828 decursus
1596 1809 1665 1830 non
1691 1800 1884 1848 descriptus

204 1858 255 1883 est
274 1851 312 1881 in
336 1849 536 1881 Cuvierii
558 1849 669 1886 libro,
695 1861 805 1892 neque
828 1861 845 1879 a
864 1860 917 1879 me
941 1849 1113 1881 observari
1137 1851 1260 1893 potuit.
1305 1853 1344 1883 Iu
1369 1852 1530 1884 cheloniis
1552 1866 1617 1887 see.
1642 1857 1882 1892 Cuvierum

208 1906 320 1939 omnia
339 1917 415 1938 vasa
429 1904 537 1937 lactea
557 1904 784 1937 abdominalia
808 1905 933 1936 abeunt
954 1905 991 1935 in
1010 1904 1094 1937 duos
1111 1904 1232 1938 duetus
1255 1908 1443 1940 thoracicos
1467 1908 1604 1942 valvulis
1629 1913 1775 1945 munitos
1788 1938 1799 1955 ,
1824 1917 1883 1958 qui

1797 1970 1880 2016 plu-

240 2054 293 2090 (1)
320 2055 443 2080 Cuvier
461 2057 558 2089 Legons
579 2053 734 2080 d'anatomie
753 2055 903 2088 comparc'e,
922 2055 995 2082 Tom.
1013 2056 1037 2082 3.
1063 2064 1119 2089 pag.
1131 2057 1188 2091 457.

238 2101 295 2136 (2)
321 2095 415 2127 Mirum
435 2102 505 2127 illam
527 2100 708 2136 proprietatem
730 2102 937 2135 batrachiorurn‚
956 2104 1003 2136 qua
1025 2103 1122 2130 diutius
1137 2104 1192 2130 cibo
1209 2104 1345 2138 destituta,
1362 2105 1532 2131 ventriculum
1553 2108 1697 2141 invertunt,
1716 2109 1881 2144 pylorumque

205 2148 234 2173 in
246 2147 326 2173 alt-um
342 2147 450 2182 tollunt,
469 2149 546 2175 immo
565 2159 592 2175 ex
609 2159 651 2175 ore
667 2150 822 2183 protrudunt
838 2159 852 2174 a
871 2150 971 2175 nemine
988 2150 1135 2177 adnotatam
1159 2152 1210 2177 vidi
1230 2152 1279 2177 nisi
1299 2161 1312 2177 a
1329 2152 1397 2177 Gru
1410 2153 1417 2177 i
1429 2153 1608 2180 thuisenio
1628 2156 1653 2180 in
1673 2156 1714 2180 lte
1726 2156 1784 2181 ilii
1804 2164 1829 2183 et
1848 2159 1880 2185 G.

203 2195 372 2221 Autenrie
383 2196 449 2221 thii
470 2197 563 2222 Archiv
582 2197 623 2222 ffir
642 2198 682 2223 die
700 2197 877 2231 Physiqugie,
896 2204 961 2231 part.
972 2198 1044 2223 Ym-
1064 2208 1117 2233 cap.
1129 2201 1152 2226 5.
1179 2199 1286 2225 Causam
1302 2200 1459 2235 perscrutari
1475 2209 1519 2225 nec
1533 2210 1646 2226 mearum
1662 2202 1755 2228 virium
1772 2213 1817 2229 nec
1831 2204 1881 2229 hu-

203 2241 270 2274 iusee
293 2242 344 2268 loci
362 2243 504 2271 videbatur.
540 2243 569 2269 In
588 2244 725 2270 husonibus
744 2245 783 2270 his
801 2244 950 2278 observavi,
969 2245 996 2270 in
1017 2247 1078 2271 rana
1101 2246 1229 2272 esculenta
1252 2235 1349 2272 ter-vel
1366 2253 1472 2280 quater,
1490 2248 1645 2273 ventriculus
1662 2249 1761 2275 interne
1781 2251 1883 2286 aliquo-

204 2292 277 2314 tenus
293 2289 359 2315 mihi
382 2291 553 2318 inflammatus
569 2291 702 2318 videbatui:
713 2311 721 2326 ,
739 2292 806 2325 quod
823 2301 838 2318 a
851 2292 979 2319 corrosiva
1001 2293 1025 2319 vi
1039 2294 1114 2328 succi*
1127 2294 1231 2328 gastriei
1250 2294 1358 2321 forsitan
1373 2294 1549 2330 proveniebat.
1583 2295 1709 2323 Intestina
1728 2298 1798 2324 valde
1820 2308 1882 2326 coa-

203 2338 284 2363 tracta
301 2342 381 2365 erant.

1192 2388 1266 2422 G5
