<?xml version="1.0" encoding="UTF-8"?>
<!DOCTYPE html PUBLIC "-//W3C//DTD XHTML 1.0 Transitional//EN"
    "http://www.w3.org/TR/xhtml1/DTD/xhtml1-transitional.dtd">
<html xmlns="http://www.w3.org/1999/xhtml" xml:lang="en" lang="en">
 <head>
  <title>
</title>
<meta http-equiv="Content-Type" content="text/html;charset=utf-8" />
  <meta name='ocr-system' content='tesseract 3.04.00' />
  <meta name='ocr-capabilities' content='ocr_page ocr_carea ocr_par ocr_line ocrx_word'/>
</head>
<body>
  <div class='ocr_page' id='page_1' title='image "./commentatioadqua00vana_0011.png"; bbox 0 0 2080 2744; ppageno 0'>
   <div class='ocr_carea' id='block_1_1' title="bbox 416 194 1842 246">
    <p class='ocr_par' dir='ltr' id='par_1_1' title="bbox 416 194 1842 246">
     <span class='ocr_line' id='line_1_1' title="bbox 416 194 1842 246; baseline -0.001 -11"><span class='ocrx_word' id='word_1_1' title='bbox 416 198 771 236; x_wconf 87' lang='lat' dir='ltr'>COMMENTATIO</span> <span class='ocrx_word' id='word_1_2' title='bbox 796 203 846 230; x_wconf 80' lang='lat' dir='ltr'><strong>AD</strong></span> <span class='ocrx_word' id='word_1_3' title='bbox 870 194 1213 242; x_wconf 82' lang='lat' dir='ltr'><strong>QUAESTIONEM</strong></span> <span class='ocrx_word' id='word_1_4' title='bbox 1238 198 1563 234; x_wconf 84' lang='lat' dir='ltr'>ZOOLOGICAM.</span> <span class='ocrx_word' id='word_1_5' title='bbox 1822 214 1842 246; x_wconf 87' lang='lat'><em>7</em></span> 
     </span>
    </p>
   </div>
   <div class='ocr_carea' id='block_1_2' title="bbox 154 288 1855 2149">
    <p class='ocr_par' dir='ltr' id='par_1_2' title="bbox 154 288 1834 390">
     <span class='ocr_line' id='line_1_2' title="bbox 156 288 1834 343; baseline -0.004 -11"><span class='ocrx_word' id='word_1_6' title='bbox 156 300 260 343; x_wconf 84' lang='lat' dir='ltr'><strong>igitur</strong></span> <span class='ocrx_word' id='word_1_7' title='bbox 282 293 515 330; x_wconf 86' lang='lat' dir='ltr'><strong>tantummodo</strong></span> <span class='ocrx_word' id='word_1_8' title='bbox 537 292 666 325; x_wconf 81' lang='lat' dir='ltr'>liberae</span> <span class='ocrx_word' id='word_1_9' title='bbox 689 297 779 324; x_wconf 87' lang='lat' dir='ltr'><strong>sunt.</strong></span> <span class='ocrx_word' id='word_1_10' title='bbox 822 291 949 323; x_wconf 84' lang='lat' dir='ltr'><strong>Dentes</strong></span> <span class='ocrx_word' id='word_1_11' title='bbox 969 288 1114 330; x_wconf 83' lang='lat' dir='ltr'><strong>absunt,</strong></span> <span class='ocrx_word' id='word_1_12' title='bbox 1141 288 1278 323; x_wconf 83' lang='lat' dir='ltr'><strong>illorum</strong></span> <span class='ocrx_word' id='word_1_13' title='bbox 1299 300 1411 325; x_wconf 86' lang='lat' dir='ltr'><strong>autem</strong></span> <span class='ocrx_word' id='word_1_14' title='bbox 1431 292 1507 325; x_wconf 84' lang='lat' dir='ltr'><strong>loco</strong></span> <span class='ocrx_word' id='word_1_15' title='bbox 1531 291 1731 338; x_wconf 82' lang='lat' dir='ltr'><strong>superficies</strong></span> <span class='ocrx_word' id='word_1_16' title='bbox 1754 304 1834 326; x_wconf 88' lang='lat' dir='ltr'><strong>cor-</strong></span> 
     </span>
     <span class='ocr_line' id='line_1_3' title="bbox 154 353 423 390; baseline -0.03 0"><span class='ocrx_word' id='word_1_17' title='bbox 154 370 216 390; x_wconf 90' lang='lat' dir='ltr'><strong>nea</strong></span> <span class='ocrx_word' id='word_1_18' title='bbox 237 353 423 387; x_wconf 82' lang='lat' dir='ltr'><strong>iuvenitur.</strong></span> 
     </span>
    </p>

    <p class='ocr_par' dir='ltr' id='par_1_3' title="bbox 158 403 1846 567">
     <span class='ocr_line' id='line_1_4' title="bbox 201 403 1841 452; baseline -0.002 -10"><span class='ocrx_word' id='word_1_19' title='bbox 201 411 362 446; x_wconf 84' lang='lat' dir='ltr'><strong>Sauria</strong></span> <span class='ocrx_word' id='word_1_20' title='bbox 398 408 600 450; x_wconf 76' lang='lat' dir='ltr'><strong>(animalia</strong></span> <span class='ocrx_word' id='word_1_21' title='bbox 627 405 835 446; x_wconf 77' lang='lat' dir='ltr'><strong>lacer-tina)</strong></span> <span class='ocrx_word' id='word_1_22' title='bbox 865 414 927 436; x_wconf 79' lang='lat' dir='ltr'><strong>eor</strong></span> <span class='ocrx_word' id='word_1_23' title='bbox 956 403 1086 436; x_wconf 77' lang='lat' dir='ltr'><strong>habent</strong></span> <span class='ocrx_word' id='word_1_24' title='bbox 1117 403 1323 445; x_wconf 78' lang='lat' dir='ltr'><strong>bfloculare,</strong></span> <span class='ocrx_word' id='word_1_25' title='bbox 1350 404 1558 447; x_wconf 72' lang='lat' dir='ltr'><strong>biam-itum,</strong></span> <span class='ocrx_word' id='word_1_26' title='bbox 1585 417 1708 452; x_wconf 89' lang='lat' dir='ltr'><strong>corpus</strong></span> <span class='ocrx_word' id='word_1_27' title='bbox 1738 408 1841 440; x_wconf 86' lang='lat' dir='ltr'><strong>scutis</strong></span> 
     </span>
     <span class='ocr_line' id='line_1_5' title="bbox 158 461 1842 515; baseline -0.004 -13"><span class='ocrx_word' id='word_1_28' title='bbox 158 465 506 515; x_wconf 85' lang='lat' dir='ltr'><strong>squamae-sormibus</strong></span> <span class='ocrx_word' id='word_1_29' title='bbox 533 463 677 505; x_wconf 80' lang='lat' dir='ltr'><strong>tegitur,</strong></span> <span class='ocrx_word' id='word_1_30' title='bbox 701 463 819 495; x_wconf 85' lang='lat' dir='ltr'><strong>dentes</strong></span> <span class='ocrx_word' id='word_1_31' title='bbox 844 474 945 505; x_wconf 84' lang='lat' dir='ltr'><strong>quam</strong></span> <span class='ocrx_word' id='word_1_32' title='bbox 968 462 1109 493; x_wconf 82' lang='lat' dir='ltr'><strong>maxime</strong></span> <span class='ocrx_word' id='word_1_33' title='bbox 1142 468 1223 492; x_wconf 87' lang='lat' dir='ltr'><strong>sunt</strong></span> <span class='ocrx_word' id='word_1_34' title='bbox 1254 461 1389 494; x_wconf 84' lang='lat' dir='ltr'><strong>evoluti.</strong></span> <span class='ocrx_word' id='word_1_35' title='bbox 1436 462 1593 505; x_wconf 85' lang='lat' dir='ltr'><strong>Quatuor</strong></span> <span class='ocrx_word' id='word_1_36' title='bbox 1616 464 1744 495; x_wconf 81' lang='lat' dir='ltr'><strong>habent</strong></span> <span class='ocrx_word' id='word_1_37' title='bbox 1773 476 1842 507; x_wconf 86' lang='lat' dir='ltr'><strong>pe-</strong></span> 
     </span>
     <span class='ocr_line' id='line_1_6' title="bbox 159 517 1846 567; baseline -0.004 -8"><span class='ocrx_word' id='word_1_38' title='bbox 159 527 217 559; x_wconf 85' lang='lat' dir='ltr'><strong>des</strong></span> <span class='ocrx_word' id='word_1_39' title='bbox 230 550 239 567; x_wconf 90' lang='lat'>,</span> <span class='ocrx_word' id='word_1_40' title='bbox 257 524 387 557; x_wconf 84' lang='lat' dir='ltr'><strong>duabus</strong></span> <span class='ocrx_word' id='word_1_41' title='bbox 406 520 520 565; x_wconf 77' lang='lat' dir='ltr'><strong>parvis</strong></span> <span class='ocrx_word' id='word_1_42' title='bbox 541 518 673 551; x_wconf 85' lang='lat' dir='ltr'><strong>familiis</strong></span> <span class='ocrx_word' id='word_1_43' title='bbox 691 519 861 563; x_wconf 77' lang='lat' dir='ltr'><strong>exceptis,</strong></span> <span class='ocrx_word' id='word_1_44' title='bbox 883 530 1027 562; x_wconf 85' lang='lat' dir='ltr'><strong>quarum</strong></span> <span class='ocrx_word' id='word_1_45' title='bbox 1050 530 1119 549; x_wconf 90' lang='lat' dir='ltr'><strong>una</strong></span> <span class='ocrx_word' id='word_1_46' title='bbox 1139 517 1291 558; x_wconf 83' lang='lat' dir='ltr'><strong>duobus,</strong></span> <span class='ocrx_word' id='word_1_47' title='bbox 1307 518 1411 550; x_wconf 75' lang='lat' dir='ltr'><strong>altera</strong></span> <span class='ocrx_word' id='word_1_48' title='bbox 1430 518 1531 550; x_wconf 87' lang='lat' dir='ltr'><strong>nullis</strong></span> <span class='ocrx_word' id='word_1_49' title='bbox 1548 518 1695 562; x_wconf 84' lang='lat' dir='ltr'><strong>pedibus</strong></span> <span class='ocrx_word' id='word_1_50' title='bbox 1711 519 1846 562; x_wconf 82' lang='lat' dir='ltr'><strong>gautlet.</strong></span> 
     </span>
    </p>

    <p class='ocr_par' dir='ltr' id='par_1_4' title="bbox 156 574 1846 736">
     <span class='ocr_line' id='line_1_7' title="bbox 201 574 1845 625; baseline -0.001 -13"><span class='ocrx_word' id='word_1_51' title='bbox 201 584 229 615; x_wconf 95' lang='lat' dir='ltr'>O</span> <span class='ocrx_word' id='word_1_52' title='bbox 242 580 399 625; x_wconf 82' lang='lat' dir='ltr'><strong>phidia</strong></span> <span class='ocrx_word' id='word_1_53' title='bbox 423 578 624 620; x_wconf 74' lang='lat' dir='ltr'><strong>(animalia</strong></span> <span class='ocrx_word' id='word_1_54' title='bbox 639 576 873 619; x_wconf 71' lang='lat' dir='ltr'><strong>serpentina)</strong></span> <span class='ocrx_word' id='word_1_55' title='bbox 899 587 957 608; x_wconf 84' lang='lat' dir='ltr'><strong>cor</strong></span> <span class='ocrx_word' id='word_1_56' title='bbox 980 576 1110 607; x_wconf 86' lang='lat' dir='ltr'><strong>habent</strong></span> <span class='ocrx_word' id='word_1_57' title='bbox 1129 574 1314 607; x_wconf 88' lang='lat' dir='ltr'><strong>biloeulare</strong></span> <span class='ocrx_word' id='word_1_58' title='bbox 1327 599 1337 616; x_wconf 89' lang='lat'>‚</span> <span class='ocrx_word' id='word_1_59' title='bbox 1354 577 1558 617; x_wconf 86' lang='lat' dir='ltr'><strong>biauritum‚</strong></span> <span class='ocrx_word' id='word_1_60' title='bbox 1570 589 1694 620; x_wconf 85' lang='lat' dir='ltr'><strong>corpus</strong></span> <span class='ocrx_word' id='word_1_61' title='bbox 1712 590 1845 622; x_wconf 83' lang='lat' dir='ltr'><strong>semper</strong></span> 
     </span>
     <span class='ocr_line' id='line_1_8' title="bbox 156 631 1846 686; baseline -0.002 -14"><span class='ocrx_word' id='word_1_62' title='bbox 156 639 302 686; x_wconf 85' lang='lat' dir='ltr'><strong>pedibus</strong></span> <span class='ocrx_word' id='word_1_63' title='bbox 338 637 564 676; x_wconf 87' lang='lat' dir='ltr'><strong>destitutum,</strong></span> <span class='ocrx_word' id='word_1_64' title='bbox 588 635 752 679; x_wconf 84' lang='lat' dir='ltr'>pleraque</span> <span class='ocrx_word' id='word_1_65' title='bbox 783 646 852 665; x_wconf 88' lang='lat' dir='ltr'><strong>uno</strong></span> <span class='ocrx_word' id='word_1_66' title='bbox 883 641 1016 665; x_wconf 85' lang='lat' dir='ltr'><strong>tantum</strong></span> <span class='ocrx_word' id='word_1_67' title='bbox 1046 632 1194 674; x_wconf 75' lang='lat' dir='ltr'><strong>gaudent</strong></span> <span class='ocrx_word' id='word_1_68' title='bbox 1220 631 1394 676; x_wconf 86' lang='lat' dir='ltr'>pulmone.</span> <span class='ocrx_word' id='word_1_69' title='bbox 1441 633 1611 666; x_wconf 84' lang='lat' dir='ltr'><strong>Sceletum</strong></span> <span class='ocrx_word' id='word_1_70' title='bbox 1641 646 1712 666; x_wconf 88' lang='lat' dir='ltr'><strong>non</strong></span> <span class='ocrx_word' id='word_1_71' title='bbox 1747 634 1846 668; x_wconf 83' lang='lat' dir='ltr'><strong>offert</strong></span> 
     </span>
     <span class='ocr_line' id='line_1_9' title="bbox 156 688 1682 736; baseline -0.004 -7"><span class='ocrx_word' id='word_1_72' title='bbox 156 706 329 735; x_wconf 86' lang='lat' dir='ltr'><strong>sternum,</strong></span> <span class='ocrx_word' id='word_1_73' title='bbox 354 692 548 736; x_wconf 83' lang='lat' dir='ltr'><strong>scapulam,</strong></span> <span class='ocrx_word' id='word_1_74' title='bbox 571 710 614 716; x_wconf 90' lang='lat'><strong>—-</strong></span> <span class='ocrx_word' id='word_1_75' title='bbox 637 699 837 735; x_wconf 78' lang='lat' dir='ltr'><strong>tympanum</strong></span> <span class='ocrx_word' id='word_1_76' title='bbox 859 701 1037 733; x_wconf 89' lang='lat' dir='ltr'><strong>nunquam</strong></span> <span class='ocrx_word' id='word_1_77' title='bbox 1057 688 1249 731; x_wconf 83' lang='lat' dir='ltr'><strong>invenitur,</strong></span> <span class='ocrx_word' id='word_1_78' title='bbox 1273 690 1372 722; x_wconf 81' lang='lat' dir='ltr'><strong>tertia</strong></span> <span class='ocrx_word' id='word_1_79' title='bbox 1392 690 1559 735; x_wconf 80' lang='lat' dir='ltr'>palpebra</span> <span class='ocrx_word' id='word_1_80' title='bbox 1577 691 1682 724; x_wconf 80' lang='lat' dir='ltr'><strong>deest.</strong></span> 
     </span>
    </p>

    <p class='ocr_par' dir='ltr' id='par_1_5' title="bbox 155 746 1849 1188">
     <span class='ocr_line' id='line_1_10' title="bbox 197 746 1847 793; baseline -0.002 -9"><span class='ocrx_word' id='word_1_81' title='bbox 197 754 298 786; x_wconf 85' lang='lat' dir='ltr'><strong>Batr</strong></span> <span class='ocrx_word' id='word_1_82' title='bbox 310 751 430 783; x_wconf 85' lang='lat' dir='ltr'><strong>achia</strong></span> <span class='ocrx_word' id='word_1_83' title='bbox 458 748 652 791; x_wconf 76' lang='lat' dir='ltr'><strong>(animalia</strong></span> <span class='ocrx_word' id='word_1_84' title='bbox 666 747 818 789; x_wconf 75' lang='lat' dir='ltr'><strong>ratzitza)</strong></span> <span class='ocrx_word' id='word_1_85' title='bbox 839 758 897 778; x_wconf 82' lang='lat' dir='ltr'><strong>cor</strong></span> <span class='ocrx_word' id='word_1_86' title='bbox 914 746 1044 779; x_wconf 83' lang='lat' dir='ltr'><strong>habent</strong></span> <span class='ocrx_word' id='word_1_87' title='bbox 1061 758 1130 779; x_wconf 88' lang='lat' dir='ltr'><strong>uno</strong></span> <span class='ocrx_word' id='word_1_88' title='bbox 1147 747 1381 780; x_wconf 87' lang='lat' dir='ltr'><strong>tantummodo</strong></span> <span class='ocrx_word' id='word_1_89' title='bbox 1392 747 1581 780; x_wconf 87' lang='lat' dir='ltr'><strong>ventriculo</strong></span> <span class='ocrx_word' id='word_1_90' title='bbox 1598 749 1736 793; x_wconf 57' lang='lat' dir='ltr'><strong>unaque</strong></span> <span class='ocrx_word' id='word_1_91' title='bbox 1753 749 1847 780; x_wconf 81' lang='lat' dir='ltr'><strong>auri-</strong></span> 
     </span>
     <span class='ocr_line' id='line_1_11' title="bbox 156 803 1848 852; baseline -0.004 -10"><span class='ocrx_word' id='word_1_92' title='bbox 156 810 231 842; x_wconf 62' lang='lat' dir='ltr'><strong>cula</strong></span> <span class='ocrx_word' id='word_1_93' title='bbox 254 807 472 852; x_wconf 77' lang='lat' dir='ltr'><strong>praeditum3</strong></span> <span class='ocrx_word' id='word_1_94' title='bbox 501 815 624 848; x_wconf 85' lang='lat' dir='ltr'><strong>corpus</strong></span> <span class='ocrx_word' id='word_1_95' title='bbox 640 803 771 835; x_wconf 85' lang='lat' dir='ltr'><strong>nudum</strong></span> <span class='ocrx_word' id='word_1_96' title='bbox 784 811 852 844; x_wconf 87' lang='lat' dir='ltr'><strong>est,</strong></span> <span class='ocrx_word' id='word_1_97' title='bbox 876 804 1060 848; x_wconf 58' lang='lat' dir='ltr'><strong>primaque</strong></span> <span class='ocrx_word' id='word_1_98' title='bbox 1082 806 1221 847; x_wconf 61' lang='lat' dir='ltr'><strong>juventa</strong></span> <span class='ocrx_word' id='word_1_99' title='bbox 1246 805 1374 850; x_wconf 83' lang='lat' dir='ltr'><strong>piscem</strong></span> <span class='ocrx_word' id='word_1_100' title='bbox 1391 806 1579 841; x_wconf 81' lang='lat' dir='ltr'>mentitur,</span> <span class='ocrx_word' id='word_1_101' title='bbox 1602 813 1718 849; x_wconf 88' lang='lat' dir='ltr'><strong>postea</strong></span> <span class='ocrx_word' id='word_1_102' title='bbox 1737 814 1848 837; x_wconf 81' lang='lat' dir='ltr'><strong>autem</strong></span> 
     </span>
     <span class='ocr_line' id='line_1_12' title="bbox 155 860 1849 904; baseline -0.004 -5"><span class='ocrx_word' id='word_1_103' title='bbox 155 866 340 903; x_wconf 80' lang='lat' dir='ltr'><strong>evolvitur,</strong></span> <span class='ocrx_word' id='word_1_104' title='bbox 375 863 568 904; x_wconf 80' lang='lat' dir='ltr'><strong>animalque</strong></span> <span class='ocrx_word' id='word_1_105' title='bbox 592 861 726 903; x_wconf 82' lang='lat' dir='ltr'><strong>bipedis</strong></span> <span class='ocrx_word' id='word_1_106' title='bbox 751 860 802 890; x_wconf 82' lang='lat' dir='ltr'><strong>vel</strong></span> <span class='ocrx_word' id='word_1_107' title='bbox 820 860 1057 903; x_wconf 83' lang='lat' dir='ltr'><strong>quadrupedis</strong></span> <span class='ocrx_word' id='word_1_108' title='bbox 1081 862 1224 892; x_wconf 83' lang='lat' dir='ltr'><strong>formam</strong></span> <span class='ocrx_word' id='word_1_109' title='bbox 1245 861 1409 904; x_wconf 81' lang='lat' dir='ltr'><strong>adeptum</strong></span> <span class='ocrx_word' id='word_1_110' title='bbox 1425 886 1435 902; x_wconf 82' lang='lat'>‚</span> <span class='ocrx_word' id='word_1_111' title='bbox 1461 863 1544 894; x_wconf 78' lang='lat' dir='ltr'><strong>vivit</strong></span> <span class='ocrx_word' id='word_1_112' title='bbox 1567 870 1601 893; x_wconf 83' lang='lat' dir='ltr'><strong>et</strong></span> <span class='ocrx_word' id='word_1_113' title='bbox 1620 870 1761 903; x_wconf 80' lang='lat' dir='ltr'><strong>vegetat.</strong></span> <span class='ocrx_word' id='word_1_114' title='bbox 1806 862 1849 894; x_wconf 84' lang='lat' dir='ltr'><strong>In.</strong></span> 
     </span>
     <span class='ocr_line' id='line_1_13' title="bbox 155 915 1849 966; baseline -0.002 -13"><span class='ocrx_word' id='word_1_115' title='bbox 155 919 363 966; x_wconf 88' lang='lat' dir='ltr'><strong>quibusdam</strong></span> <span class='ocrx_word' id='word_1_116' title='bbox 386 931 414 950; x_wconf 91' lang='lat' dir='ltr'><strong>e.</strong></span> <span class='ocrx_word' id='word_1_117' title='bbox 427 930 458 959; x_wconf 77' lang='lat' dir='ltr'><strong>g.</strong></span> <span class='ocrx_word' id='word_1_118' title='bbox 480 918 563 949; x_wconf 60' lang='lat' dir='ltr'><strong>rana</strong></span> <span class='ocrx_word' id='word_1_119' title='bbox 578 940 587 957; x_wconf 88' lang='lat'><strong>,</strong></span> <span class='ocrx_word' id='word_1_120' title='bbox 612 915 784 960; x_wconf 79' lang='lat' dir='ltr'><strong>paradoxa</strong></span> <span class='ocrx_word' id='word_1_121' title='bbox 799 925 914 948; x_wconf 85' lang='lat' dir='ltr'><strong>vocata</strong></span> <span class='ocrx_word' id='word_1_122' title='bbox 930 940 940 958; x_wconf 86' lang='lat'><strong>,</strong></span> <span class='ocrx_word' id='word_1_123' title='bbox 967 917 1090 949; x_wconf 72' lang='lat' dir='ltr'><strong>haecce</strong></span> <span class='ocrx_word' id='word_1_124' title='bbox 1113 918 1392 960; x_wconf 85' lang='lat' dir='ltr'><strong>metamorphosis</strong></span> <span class='ocrx_word' id='word_1_125' title='bbox 1418 919 1468 960; x_wconf 77' lang='lat' dir='ltr'><strong>&lt;si</strong></span> <span class='ocrx_word' id='word_1_126' title='bbox 1491 919 1770 961; x_wconf 83' lang='lat' dir='ltr'><strong>metamorphosis</strong></span> <span class='ocrx_word' id='word_1_127' title='bbox 1790 918 1849 950; x_wconf 85' lang='lat' dir='ltr'><strong>di·</strong></span> 
     </span>
     <span class='ocr_line' id='line_1_14' title="bbox 157 973 1848 1018; baseline -0.003 -7"><span class='ocrx_word' id='word_1_128' title='bbox 157 977 264 1011; x_wconf 88' lang='lat' dir='ltr'><strong>cenda</strong></span> <span class='ocrx_word' id='word_1_129' title='bbox 283 984 332 1008; x_wconf 85' lang='lat' dir='ltr'><strong>est</strong></span> <span class='ocrx_word' id='word_1_130' title='bbox 348 1000 356 1015; x_wconf 89' lang='lat'>‚</span> <span class='ocrx_word' id='word_1_131' title='bbox 380 974 526 1008; x_wconf 81' lang='lat' dir='ltr'><strong>evolutio</strong></span> <span class='ocrx_word' id='word_1_132' title='bbox 541 975 690 1016; x_wconf 82' lang='lat' dir='ltr'><strong>partium</strong></span> <span class='ocrx_word' id='word_1_133' title='bbox 715 984 792 1004; x_wconf 89' lang='lat' dir='ltr'><strong>cum</strong></span> <span class='ocrx_word' id='word_1_134' title='bbox 813 973 908 1005; x_wconf 87' lang='lat' dir='ltr'><strong>nullo</strong></span> <span class='ocrx_word' id='word_1_135' title='bbox 926 973 1036 1007; x_wconf 87' lang='lat' dir='ltr'><strong>larvae</strong></span> <span class='ocrx_word' id='word_1_136' title='bbox 1051 973 1213 1018; x_wconf 87' lang='lat' dir='ltr'><strong>reliquio)</strong></span> <span class='ocrx_word' id='word_1_137' title='bbox 1237 982 1306 1005; x_wconf 87' lang='lat' dir='ltr'><strong>tam</strong></span> <span class='ocrx_word' id='word_1_138' title='bbox 1322 973 1413 1006; x_wconf 87' lang='lat' dir='ltr'><strong>lente</strong></span> <span class='ocrx_word' id='word_1_139' title='bbox 1430 974 1543 1006; x_wconf 88' lang='lat' dir='ltr'><strong>locum</strong></span> <span class='ocrx_word' id='word_1_140' title='bbox 1563 974 1687 1013; x_wconf 80' lang='lat' dir='ltr'><strong>habet,</strong></span> <span class='ocrx_word' id='word_1_141' title='bbox 1705 982 1744 1005; x_wconf 88' lang='lat' dir='ltr'><strong>ut</strong></span> <span class='ocrx_word' id='word_1_142' title='bbox 1766 976 1848 1017; x_wconf 85' lang='lat' dir='ltr'><strong>qni-</strong></span> 
     </span>
     <span class='ocr_line' id='line_1_15' title="bbox 158 1029 1848 1076; baseline -0.002 -10"><span class='ocrx_word' id='word_1_143' title='bbox 158 1035 257 1071; x_wconf 79' lang='lat' dir='ltr'><strong>dam,</strong></span> <span class='ocrx_word' id='word_1_144' title='bbox 281 1035 372 1066; x_wconf 85' lang='lat' dir='ltr'><strong>inter</strong></span> <span class='ocrx_word' id='word_1_145' title='bbox 389 1044 472 1076; x_wconf 88' lang='lat' dir='ltr'><strong>quos</strong></span> <span class='ocrx_word' id='word_1_146' title='bbox 486 1056 494 1072; x_wconf 83' lang='lat'><strong><em>‚</em></strong></span> <span class='ocrx_word' id='word_1_147' title='bbox 511 1039 642 1062; x_wconf 83' lang='lat' dir='ltr'><strong>nostras</strong></span> <span class='ocrx_word' id='word_1_148' title='bbox 659 1029 680 1062; x_wconf 92' lang='lat' dir='ltr'>S</span> <span class='ocrx_word' id='word_1_149' title='bbox 692 1030 742 1073; x_wconf 86' lang='lat' dir='ltr'><strong>yb</strong></span> <span class='ocrx_word' id='word_1_150' title='bbox 755 1029 834 1062; x_wconf 85' lang='lat' dir='ltr'><strong>illa</strong></span> <span class='ocrx_word' id='word_1_151' title='bbox 854 1030 903 1063; x_wconf 84' lang='lat' dir='ltr'><strong>de</strong></span> <span class='ocrx_word' id='word_1_152' title='bbox 924 1033 961 1064; x_wconf 86' lang='lat' dir='ltr'>M</span> <span class='ocrx_word' id='word_1_153' title='bbox 974 1033 1037 1064; x_wconf 86' lang='lat' dir='ltr'><strong>eri</strong></span> <span class='ocrx_word' id='word_1_154' title='bbox 1050 1044 1097 1064; x_wconf 85' lang='lat' dir='ltr'><strong>an</strong></span> <span class='ocrx_word' id='word_1_155' title='bbox 1110 1055 1119 1071; x_wconf 93' lang='lat'><strong><em>‚</em></strong></span> <span class='ocrx_word' id='word_1_156' title='bbox 1145 1030 1378 1071; x_wconf 80' lang='lat' dir='ltr'><strong>credideriut,</strong></span> <span class='ocrx_word' id='word_1_157' title='bbox 1401 1030 1525 1062; x_wconf 78' lang='lat' dir='ltr'><strong>animal</strong></span> <span class='ocrx_word' id='word_1_158' title='bbox 1546 1031 1638 1075; x_wconf 86' lang='lat' dir='ltr'><strong>prius</strong></span> <span class='ocrx_word' id='word_1_159' title='bbox 1658 1043 1776 1062; x_wconf 88' lang='lat' dir='ltr'><strong>ranam</strong></span> <span class='ocrx_word' id='word_1_160' title='bbox 1791 1042 1848 1063; x_wconf 88' lang='lat' dir='ltr'><strong>es—</strong></span> 
     </span>
     <span class='ocr_line' id='line_1_16' title="bbox 156 1086 1849 1132; baseline -0.002 -9"><span class='ocrx_word' id='word_1_161' title='bbox 156 1103 210 1130; x_wconf 90' lang='lat' dir='ltr'><strong>se,</strong></span> <span class='ocrx_word' id='word_1_162' title='bbox 231 1089 357 1121; x_wconf 85' lang='lat' dir='ltr'><strong>deinde</strong></span> <span class='ocrx_word' id='word_1_163' title='bbox 376 1089 523 1132; x_wconf 82' lang='lat' dir='ltr'><strong>piscem:</strong></span> <span class='ocrx_word' id='word_1_164' title='bbox 546 1087 599 1118; x_wconf 89' lang='lat' dir='ltr'><strong>cui</strong></span> <span class='ocrx_word' id='word_1_165' title='bbox 614 1087 769 1132; x_wconf 86' lang='lat' dir='ltr'><strong>opinioni</strong></span> <span class='ocrx_word' id='word_1_166' title='bbox 790 1088 868 1119; x_wconf 87' lang='lat' dir='ltr'><strong>satis</strong></span> <span class='ocrx_word' id='word_1_167' title='bbox 890 1087 1003 1121; x_wconf 82' lang='lat' dir='ltr'><strong>favere</strong></span> <span class='ocrx_word' id='word_1_168' title='bbox 1024 1088 1160 1121; x_wconf 82' lang='lat' dir='ltr'><strong>videtur</strong></span> <span class='ocrx_word' id='word_1_169' title='bbox 1178 1087 1335 1120; x_wconf 85' lang='lat' dir='ltr'><strong>volumen</strong></span> <span class='ocrx_word' id='word_1_170' title='bbox 1354 1099 1474 1126; x_wconf 84' lang='lat' dir='ltr'><strong>ranae,</strong></span> <span class='ocrx_word' id='word_1_171' title='bbox 1498 1095 1578 1129; x_wconf 83' lang='lat' dir='ltr'><strong>post</strong></span> <span class='ocrx_word' id='word_1_172' title='bbox 1601 1086 1849 1129; x_wconf 83' lang='lat' dir='ltr'><strong>evolutionem,</strong></span> 
     </span>
     <span class='ocr_line' id='line_1_17' title="bbox 157 1142 1359 1188; baseline -0.005 -9"><span class='ocrx_word' id='word_1_173' title='bbox 157 1148 199 1179; x_wconf 88' lang='lat' dir='ltr'><strong>ob</strong></span> <span class='ocrx_word' id='word_1_174' title='bbox 215 1159 353 1188; x_wconf 79' lang='lat' dir='ltr'><strong>magnae</strong></span> <span class='ocrx_word' id='word_1_175' title='bbox 377 1144 503 1177; x_wconf 79' lang='lat' dir='ltr'><strong>caudae</strong></span> <span class='ocrx_word' id='word_1_176' title='bbox 528 1142 721 1182; x_wconf 82' lang='lat' dir='ltr'><strong>desectum,</strong></span> <span class='ocrx_word' id='word_1_177' title='bbox 746 1143 853 1175; x_wconf 86' lang='lat' dir='ltr'><strong>multo</strong></span> <span class='ocrx_word' id='word_1_178' title='bbox 874 1146 985 1176; x_wconf 86' lang='lat' dir='ltr'><strong>minus</strong></span> <span class='ocrx_word' id='word_1_179' title='bbox 1009 1156 1112 1188; x_wconf 84' lang='lat' dir='ltr'><strong>quam</strong></span> <span class='ocrx_word' id='word_1_180' title='bbox 1129 1142 1215 1175; x_wconf 82' lang='lat' dir='ltr'><strong>illud</strong></span> <span class='ocrx_word' id='word_1_181' title='bbox 1238 1143 1359 1186; x_wconf 66' lang='lat' dir='ltr'><strong>gyrini.</strong></span> 
     </span>
    </p>

    <p class='ocr_par' dir='ltr' id='par_1_6' title="bbox 155 1199 1851 1346">
     <span class='ocr_line' id='line_1_18' title="bbox 198 1199 1850 1246; baseline -0.002 -11"><span class='ocrx_word' id='word_1_182' title='bbox 198 1202 432 1235; x_wconf 84' lang='lat' dir='ltr'><strong>Batrachia</strong></span> <span class='ocrx_word' id='word_1_183' title='bbox 457 1202 498 1240; x_wconf 78' lang='lat' dir='ltr'><strong>(cz</strong></span> <span class='ocrx_word' id='word_1_184' title='bbox 513 1210 643 1239; x_wconf 75' lang='lat' dir='ltr'><strong>graeco</strong></span> <span class='ocrx_word' id='word_1_185' title='bbox 658 1203 843 1239; x_wconf 59' lang='grc' dir='ltr'><strong>βατραχος)</strong></span> <span class='ocrx_word' id='word_1_186' title='bbox 870 1211 950 1233; x_wconf 86' lang='lat' dir='ltr'><strong>sunt</strong></span> <span class='ocrx_word' id='word_1_187' title='bbox 969 1201 1023 1234; x_wconf 86' lang='lat' dir='ltr'><strong>vel</strong></span> <span class='ocrx_word' id='word_1_188' title='bbox 1045 1212 1147 1232; x_wconf 79' lang='lat' dir='ltr'><strong>ranae</strong></span> <span class='ocrx_word' id='word_1_189' title='bbox 1161 1223 1172 1237; x_wconf 80' lang='grc'>,</span> <span class='ocrx_word' id='word_1_190' title='bbox 1197 1199 1241 1229; x_wconf 85' lang='lat' dir='ltr'><strong>ad</strong></span> <span class='ocrx_word' id='word_1_191' title='bbox 1257 1199 1424 1229; x_wconf 88' lang='lat' dir='ltr'><strong>Linnae</strong></span> <span class='ocrx_word' id='word_1_192' title='bbox 1438 1199 1448 1228; x_wconf 87' lang='lat' dir='ltr'><strong>i</strong></span> <span class='ocrx_word' id='word_1_193' title='bbox 1463 1210 1567 1240; x_wconf 84' lang='lat' dir='ltr'><strong>genus</strong></span> <span class='ocrx_word' id='word_1_194' title='bbox 1584 1200 1744 1232; x_wconf 79' lang='lat' dir='ltr'><em>RANA</em></span> <span class='ocrx_word' id='word_1_195' title='bbox 1764 1213 1850 1246; x_wconf 87' lang='lat' dir='ltr'><strong>per-</strong></span> 
     </span>
     <span class='ocr_line' id='line_1_19' title="bbox 157 1252 1851 1300; baseline 0.001 -10"><span class='ocrx_word' id='word_1_196' title='bbox 157 1262 325 1296; x_wconf 87' lang='lat' dir='ltr'><strong>tinentes,</strong></span> <span class='ocrx_word' id='word_1_197' title='bbox 348 1255 401 1287; x_wconf 89' lang='lat' dir='ltr'><strong>vel</strong></span> <span class='ocrx_word' id='word_1_198' title='bbox 429 1262 506 1286; x_wconf 87' lang='lat' dir='ltr'><strong>sunt</strong></span> <span class='ocrx_word' id='word_1_199' title='bbox 531 1252 686 1284; x_wconf 83' lang='lat' dir='ltr'><strong>animalia</strong></span> <span class='ocrx_word' id='word_1_200' title='bbox 712 1264 788 1284; x_wconf 85' lang='lat' dir='ltr'><strong>cum</strong></span> <span class='ocrx_word' id='word_1_201' title='bbox 816 1253 908 1285; x_wconf 89' lang='lat' dir='ltr'><strong>ranis</strong></span> <span class='ocrx_word' id='word_1_202' title='bbox 932 1253 1038 1286; x_wconf 88' lang='lat' dir='ltr'><strong>multo</strong></span> <span class='ocrx_word' id='word_1_203' title='bbox 1061 1254 1165 1296; x_wconf 83' lang='lat' dir='ltr'><strong>magis</strong></span> <span class='ocrx_word' id='word_1_204' title='bbox 1188 1266 1290 1298; x_wconf 86' lang='lat' dir='ltr'><strong>quam</strong></span> <span class='ocrx_word' id='word_1_205' title='bbox 1316 1266 1394 1287; x_wconf 88' lang='lat' dir='ltr'><strong>cum</strong></span> <span class='ocrx_word' id='word_1_206' title='bbox 1416 1255 1488 1287; x_wconf 79' lang='lat' dir='ltr'><strong>aliis</strong></span> <span class='ocrx_word' id='word_1_207' title='bbox 1512 1256 1692 1300; x_wconf 85' lang='lat' dir='ltr'><strong>reptilibus</strong></span> <span class='ocrx_word' id='word_1_208' title='bbox 1722 1270 1851 1293; x_wconf 84' lang='lat' dir='ltr'><strong>conve-</strong></span> 
     </span>
     <span class='ocr_line' id='line_1_20' title="bbox 155 1315 296 1346; baseline -0.014 0"><span class='ocrx_word' id='word_1_209' title='bbox 155 1315 296 1346; x_wconf 83' lang='lat' dir='ltr'><strong>nientia.</strong></span> 
     </span>
    </p>

    <p class='ocr_par' dir='ltr' id='par_1_7' title="bbox 155 1366 1855 1747">
     <span class='ocr_line' id='line_1_21' title="bbox 203 1366 1855 1417; baseline 0.001 -15"><span class='ocrx_word' id='word_1_210' title='bbox 203 1370 291 1402; x_wconf 88' lang='lat' dir='ltr'><strong>Cum</strong></span> <span class='ocrx_word' id='word_1_211' title='bbox 319 1367 514 1411; x_wconf 85' lang='lat' dir='ltr'><strong>Amphibiis</strong></span> <span class='ocrx_word' id='word_1_212' title='bbox 547 1366 599 1398; x_wconf 89' lang='lat' dir='ltr'><strong>Cl.</strong></span> <span class='ocrx_word' id='word_1_213' title='bbox 623 1367 847 1411; x_wconf 82' lang='lat' dir='ltr'><strong>Ducrotay</strong></span> <span class='ocrx_word' id='word_1_214' title='bbox 871 1367 919 1400; x_wconf 86' lang='lat' dir='ltr'><strong>de</strong></span> <span class='ocrx_word' id='word_1_215' title='bbox 941 1367 1188 1403; x_wconf 83' lang='lat' dir='ltr'><strong>Blainville</strong></span> <span class='ocrx_word' id='word_1_216' title='bbox 1214 1377 1247 1401; x_wconf 88' lang='lat' dir='ltr'><strong>et</strong></span> <span class='ocrx_word' id='word_1_217' title='bbox 1269 1368 1490 1401; x_wconf 81' lang='lat' dir='ltr'><strong>Latreille</strong></span> <span class='ocrx_word' id='word_1_218' title='bbox 1512 1370 1738 1408; x_wconf 84' lang='lat' dir='ltr'><strong>conveniunt,</strong></span> <span class='ocrx_word' id='word_1_219' title='bbox 1762 1383 1855 1417; x_wconf 82' lang='lat' dir='ltr'><strong>quo—</strong></span> 
     </span>
     <span class='ocr_line' id='line_1_22' title="bbox 158 1422 1853 1470; baseline -0.001 -11"><span class='ocrx_word' id='word_1_220' title='bbox 158 1439 234 1459; x_wconf 87' lang='lat' dir='ltr'><strong>rum</strong></span> <span class='ocrx_word' id='word_1_221' title='bbox 254 1425 424 1470; x_wconf 84' lang='lat' dir='ltr'><strong>posterior</strong></span> <span class='ocrx_word' id='word_1_222' title='bbox 446 1423 503 1455; x_wconf 81' lang='lat' dir='ltr'><strong>illa</strong></span> <span class='ocrx_word' id='word_1_223' title='bbox 523 1423 638 1455; x_wconf 85' lang='lat' dir='ltr'><strong>divisit</strong></span> <span class='ocrx_word' id='word_1_224' title='bbox 663 1422 698 1453; x_wconf 85' lang='lat' dir='ltr'><strong>in</strong></span> <span class='ocrx_word' id='word_1_225' title='bbox 726 1424 1067 1458; x_wconf 73' lang='lat' dir='ltr'><strong>Cadaei-branchia</strong></span> <span class='ocrx_word' id='word_1_226' title='bbox 1095 1434 1128 1456; x_wconf 91' lang='lat' dir='ltr'><strong>et</strong></span> <span class='ocrx_word' id='word_1_227' title='bbox 1154 1425 1516 1457; x_wconf 70' lang='lat' dir='ltr'><strong>Perenni-branchia</strong></span> <span class='ocrx_word' id='word_1_228' title='bbox 1548 1424 1590 1455; x_wconf 83' lang='lat' dir='ltr'><strong>ad</strong></span> <span class='ocrx_word' id='word_1_229' title='bbox 1618 1425 1764 1470; x_wconf 84' lang='lat' dir='ltr'><strong>primam</strong></span> <span class='ocrx_word' id='word_1_230' title='bbox 1793 1425 1853 1458; x_wconf 86' lang='lat' dir='ltr'><strong>di-</strong></span> 
     </span>
     <span class='ocr_line' id='line_1_23' title="bbox 155 1478 1853 1524; baseline 0 -9"><span class='ocrx_word' id='word_1_231' title='bbox 155 1483 319 1516; x_wconf 82' lang='lat' dir='ltr'><strong>visionem</strong></span> <span class='ocrx_word' id='word_1_232' title='bbox 349 1480 499 1512; x_wconf 81' lang='lat' dir='ltr'><strong>reserens</strong></span> <span class='ocrx_word' id='word_1_233' title='bbox 531 1478 721 1510; x_wconf 69' lang='lat' dir='ltr'><strong>batraclcz&#39;a</strong></span> <span class='ocrx_word' id='word_1_234' title='bbox 753 1478 895 1510; x_wconf 81' lang='lat' dir='ltr'><strong>caudata</strong></span> <span class='ocrx_word' id='word_1_235' title='bbox 920 1488 954 1511; x_wconf 90' lang='lat' dir='ltr'><strong>et</strong></span> <span class='ocrx_word' id='word_1_236' title='bbox 984 1492 1055 1512; x_wconf 86' lang='lat' dir='ltr'><strong>non</strong></span> <span class='ocrx_word' id='word_1_237' title='bbox 1086 1480 1230 1513; x_wconf 81' lang='lat' dir='ltr'><strong>caudata</strong></span> <span class='ocrx_word' id='word_1_238' title='bbox 1256 1481 1430 1524; x_wconf 68' lang='lat' dir='ltr'><strong>(zcrodela</strong></span> <span class='ocrx_word' id='word_1_239' title='bbox 1459 1487 1494 1512; x_wconf 77' lang='lat' dir='ltr'><strong>et</strong></span> <span class='ocrx_word' id='word_1_240' title='bbox 1518 1481 1677 1523; x_wconf 36' lang='lat' dir='ltr'><strong>anoztvrcz)</strong></span> <span class='ocrx_word' id='word_1_241' title='bbox 1704 1494 1790 1524; x_wconf 86' lang='lat' dir='ltr'><strong>quae</strong></span> <span class='ocrx_word' id='word_1_242' title='bbox 1816 1484 1853 1515; x_wconf 85' lang='lat' dir='ltr'><strong>iu</strong></span> 
     </span>
     <span class='ocr_line' id='line_1_24' title="bbox 159 1534 1855 1582; baseline 0.001 -13"><span class='ocrx_word' id='word_1_243' title='bbox 159 1540 337 1580; x_wconf 83' lang='lat' dir='ltr'><strong>juventute</strong></span> <span class='ocrx_word' id='word_1_244' title='bbox 357 1536 533 1567; x_wconf 80' lang='lat' dir='ltr'><strong>branchiis</strong></span> <span class='ocrx_word' id='word_1_245' title='bbox 560 1534 795 1566; x_wconf 86' lang='lat' dir='ltr'><strong>tantummodo</strong></span> <span class='ocrx_word' id='word_1_246' title='bbox 822 1535 991 1577; x_wconf 83' lang='lat' dir='ltr'><strong>gaudent,</strong></span> <span class='ocrx_word' id='word_1_247' title='bbox 1025 1547 1141 1581; x_wconf 85' lang='lat' dir='ltr'><strong>postea</strong></span> <span class='ocrx_word' id='word_1_248' title='bbox 1170 1550 1250 1571; x_wconf 81' lang='lat' dir='ltr'><strong>vero</strong></span> <span class='ocrx_word' id='word_1_249' title='bbox 1280 1536 1500 1582; x_wconf 84' lang='lat' dir='ltr'><strong>pulmonibus</strong></span> <span class='ocrx_word' id='word_1_250' title='bbox 1531 1537 1771 1581; x_wconf 78' lang='lat' dir='ltr'><strong>instruuntur3</strong></span> <span class='ocrx_word' id='word_1_251' title='bbox 1811 1540 1855 1572; x_wconf 80' lang='lat' dir='ltr'><strong>ad</strong></span> 
     </span>
     <span class='ocr_line' id='line_1_25' title="bbox 158 1592 1852 1637; baseline 0.002 -12"><span class='ocrx_word' id='word_1_252' title='bbox 158 1593 343 1626; x_wconf 80' lang='lat' dir='ltr'><strong>secundam</strong></span> <span class='ocrx_word' id='word_1_253' title='bbox 368 1605 448 1623; x_wconf 86' lang='lat' dir='ltr'><strong>vero</strong></span> <span class='ocrx_word' id='word_1_254' title='bbox 475 1593 680 1624; x_wconf 75' lang='lat' dir='ltr'><strong>divisionem</strong></span> <span class='ocrx_word' id='word_1_255' title='bbox 703 1592 815 1621; x_wconf 82' lang='lat' dir='ltr'><strong>omnia</strong></span> <span class='ocrx_word' id='word_1_256' title='bbox 839 1592 1015 1624; x_wconf 84' lang='lat' dir='ltr'><strong>batrachia</strong></span> <span class='ocrx_word' id='word_1_257' title='bbox 1045 1606 1180 1637; x_wconf 86' lang='lat' dir='ltr'><strong>semper</strong></span> <span class='ocrx_word' id='word_1_258' title='bbox 1202 1594 1377 1624; x_wconf 88' lang='lat' dir='ltr'><strong>branchiis</strong></span> <span class='ocrx_word' id='word_1_259' title='bbox 1400 1593 1551 1633; x_wconf 85' lang='lat' dir='ltr'><strong>utentia,</strong></span> <span class='ocrx_word' id='word_1_260' title='bbox 1579 1595 1672 1636; x_wconf 85' lang='lat' dir='ltr'><strong>quod</strong></span> <span class='ocrx_word' id='word_1_261' title='bbox 1696 1608 1713 1627; x_wconf 91' lang='lat' dir='ltr'><strong>e</strong></span> <span class='ocrx_word' id='word_1_262' title='bbox 1737 1597 1852 1628; x_wconf 83' lang='lat' dir='ltr'><strong>nomi-</strong></span> 
     </span>
     <span class='ocr_line' id='line_1_26' title="bbox 160 1647 1855 1692; baseline 0.002 -9"><span class='ocrx_word' id='word_1_263' title='bbox 160 1664 203 1683; x_wconf 85' lang='lat' dir='ltr'><strong>ne</strong></span> <span class='ocrx_word' id='word_1_264' title='bbox 226 1652 294 1692; x_wconf 85' lang='lat' dir='ltr'><strong>jam</strong></span> <span class='ocrx_word' id='word_1_265' title='bbox 313 1649 524 1690; x_wconf 62' lang='lat' dir='ltr'><strong>intelligitur.</strong></span> <span class='ocrx_word' id='word_1_266' title='bbox 571 1647 627 1680; x_wconf 86' lang='lat' dir='ltr'><strong>Ad</strong></span> <span class='ocrx_word' id='word_1_267' title='bbox 650 1659 787 1679; x_wconf 78' lang='lat' dir='ltr'><strong>anoura</strong></span> <span class='ocrx_word' id='word_1_268' title='bbox 811 1649 917 1681; x_wconf 84' lang='lat' dir='ltr'><strong>refert</strong></span> <span class='ocrx_word' id='word_1_269' title='bbox 943 1662 1052 1682; x_wconf 79' lang='lat' dir='ltr'><strong>ranas·</strong></span> <span class='ocrx_word' id='word_1_270' title='bbox 1076 1649 1284 1689; x_wconf 88' lang='lat' dir='ltr'><strong>Linnaei,</strong></span> <span class='ocrx_word' id='word_1_271' title='bbox 1315 1648 1358 1680; x_wconf 70' lang='lat' dir='ltr'><strong>atl</strong></span> <span class='ocrx_word' id='word_1_272' title='bbox 1382 1649 1527 1681; x_wconf 71' lang='lat' dir='ltr'><strong>medela</strong></span> <span class='ocrx_word' id='word_1_273' title='bbox 1542 1672 1552 1690; x_wconf 90' lang='lat'><strong>,</strong></span> <span class='ocrx_word' id='word_1_274' title='bbox 1576 1650 1855 1686; x_wconf 78' lang='lat' dir='ltr'><strong>Salamanclram</strong></span> 
     </span>
     <span class='ocr_line' id='line_1_27' title="bbox 158 1706 1344 1747; baseline -0.002 -7"><span class='ocrx_word' id='word_1_275' title='bbox 158 1716 191 1740; x_wconf 87' lang='lat' dir='ltr'><strong>et</strong></span> <span class='ocrx_word' id='word_1_276' title='bbox 218 1708 422 1743; x_wconf 74' lang='lat' dir='ltr'><strong>Tritonem,</strong></span> <span class='ocrx_word' id='word_1_277' title='bbox 449 1706 490 1737; x_wconf 87' lang='lat' dir='ltr'><strong>ad</strong></span> <span class='ocrx_word' id='word_1_278' title='bbox 516 1707 677 1738; x_wconf 78' lang='lat' dir='ltr'><strong>Perenni</strong></span> <span class='ocrx_word' id='word_1_279' title='bbox 700 1706 900 1747; x_wconf 68' lang='lat' dir='ltr'><strong>branchia,</strong></span> <span class='ocrx_word' id='word_1_280' title='bbox 928 1708 1104 1740; x_wconf 78' lang='lat' dir='ltr'><strong>Proteum</strong></span> <span class='ocrx_word' id='word_1_281' title='bbox 1122 1715 1157 1738; x_wconf 89' lang='lat' dir='ltr'><strong>et</strong></span> <span class='ocrx_word' id='word_1_282' title='bbox 1182 1708 1344 1739; x_wconf 73' lang='lat' dir='ltr'><strong>Sirenem.</strong></span> 
     </span>
    </p>

    <p class='ocr_par' dir='ltr' id='par_1_8' title="bbox 156 1762 1854 1931">
     <span class='ocr_line' id='line_1_28' title="bbox 199 1762 1850 1806; baseline 0.004 -14"><span class='ocrx_word' id='word_1_283' title='bbox 199 1763 228 1795; x_wconf 91' lang='lat' dir='ltr'>E</span> <span class='ocrx_word' id='word_1_284' title='bbox 260 1763 447 1806; x_wconf 80' lang='lat' dir='ltr'><strong>posteriore</strong></span> <span class='ocrx_word' id='word_1_285' title='bbox 480 1763 649 1804; x_wconf 77' lang='lat' dir='ltr'><strong>(perenni</strong></span> <span class='ocrx_word' id='word_1_286' title='bbox 675 1763 957 1806; x_wconf 61' lang='lat' dir='ltr'><strong>manchiorum)</strong></span> <span class='ocrx_word' id='word_1_287' title='bbox 987 1764 1110 1796; x_wconf 86' lang='lat' dir='ltr'><strong>ordine</strong></span> <span class='ocrx_word' id='word_1_288' title='bbox 1133 1762 1226 1795; x_wconf 81' lang='lat' dir='ltr'><strong>nulla</strong></span> <span class='ocrx_word' id='word_1_289' title='bbox 1256 1763 1412 1795; x_wconf 82' lang='lat' dir='ltr'><strong>animalia</strong></span> <span class='ocrx_word' id='word_1_290' title='bbox 1438 1764 1475 1795; x_wconf 87' lang='lat' dir='ltr'><strong>in</strong></span> <span class='ocrx_word' id='word_1_291' title='bbox 1505 1763 1620 1805; x_wconf 80' lang='lat' dir='ltr'><strong>Belgio</strong></span> <span class='ocrx_word' id='word_1_292' title='bbox 1650 1774 1850 1802; x_wconf 83' lang='lat' dir='ltr'><strong>occurrunt.</strong></span> 
     </span>
     <span class='ocr_line' id='line_1_29' title="bbox 156 1818 1854 1860; baseline 0.002 -9"><span class='ocrx_word' id='word_1_293' title='bbox 156 1819 288 1851; x_wconf 84' lang='lat' dir='ltr'><strong>Primae</strong></span> <span class='ocrx_word' id='word_1_294' title='bbox 308 1818 481 1849; x_wconf 64' lang='lat' dir='ltr'><strong>dixisiouis</strong></span> <span class='ocrx_word' id='word_1_295' title='bbox 507 1818 698 1850; x_wconf 69' lang='lat' dir='ltr'><strong>batt-(zellia</strong></span> <span class='ocrx_word' id='word_1_296' title='bbox 721 1819 824 1860; x_wconf 84' lang='lat' dir='ltr'><strong>igitur</strong></span> <span class='ocrx_word' id='word_1_297' title='bbox 848 1820 905 1851; x_wconf 85' lang='lat' dir='ltr'><strong>hie</strong></span> <span class='ocrx_word' id='word_1_298' title='bbox 931 1820 1218 1852; x_wconf 73' lang='lat' dir='ltr'><strong>tantummodoin</strong></span> <span class='ocrx_word' id='word_1_299' title='bbox 1244 1832 1382 1852; x_wconf 86' lang='lat' dir='ltr'><strong>censum</strong></span> <span class='ocrx_word' id='word_1_300' title='bbox 1407 1819 1559 1852; x_wconf 85' lang='lat' dir='ltr'><strong>veniunt.</strong></span> <span class='ocrx_word' id='word_1_301' title='bbox 1610 1821 1764 1854; x_wconf 72' lang='lat' dir='ltr'><strong>Urodela</strong></span> <span class='ocrx_word' id='word_1_302' title='bbox 1789 1836 1854 1855; x_wconf 86' lang='lat' dir='ltr'><strong>au-</strong></span> 
     </span>
     <span class='ocr_line' id='line_1_30' title="bbox 161 1875 1695 1931; baseline 0.001 -24"><span class='ocrx_word' id='word_1_303' title='bbox 161 1884 249 1916; x_wconf 88' lang='lat' dir='ltr'><strong>tem,</strong></span> <span class='ocrx_word' id='word_1_304' title='bbox 277 1888 361 1919; x_wconf 77' lang='lat' dir='ltr'><strong>quae</strong></span> <span class='ocrx_word' id='word_1_305' title='bbox 385 1875 467 1905; x_wconf 84' lang='lat' dir='ltr'><strong>mihi</strong></span> <span class='ocrx_word' id='word_1_306' title='bbox 491 1875 698 1917; x_wconf 74' lang='lat' dir='ltr'><strong>perfectiora</strong></span> <span class='ocrx_word' id='word_1_307' title='bbox 716 1876 921 1908; x_wconf 81' lang='lat' dir='ltr'><strong>videbantur</strong></span> <span class='ocrx_word' id='word_1_308' title='bbox 950 1889 1050 1921; x_wconf 86' lang='lat' dir='ltr'><strong>quam</strong></span> <span class='ocrx_word' id='word_1_309' title='bbox 1070 1889 1230 1916; x_wconf 77' lang='lat' dir='ltr'><strong>anozcra,</strong></span> <span class='ocrx_word' id='word_1_310' title='bbox 1254 1877 1350 1919; x_wconf 80' lang='lat' dir='ltr'><strong>prius</strong></span> <span class='ocrx_word' id='word_1_311' title='bbox 1377 1877 1583 1909; x_wconf 87' lang='lat' dir='ltr'><strong>enumeravi.</strong></span> <span class='ocrx_word' id='word_1_312' title='bbox 1685 1914 1695 1931; x_wconf 37' lang='grc' dir='ltr'><strong>ὃ</strong></span> 
     </span>
    </p>

    <p class='ocr_par' dir='ltr' id='par_1_9' title="bbox 162 1931 1854 2149">
     <span class='ocr_line' id='line_1_31' title="bbox 200 1931 1851 1978; baseline 0.004 -15"><span class='ocrx_word' id='word_1_313' title='bbox 200 1931 375 1963; x_wconf 60' lang='lat' dir='ltr'><strong>Anam-012</strong></span> <span class='ocrx_word' id='word_1_314' title='bbox 402 1934 468 1972; x_wconf 74' lang='lat' dir='ltr'><strong>jam</strong></span> <span class='ocrx_word' id='word_1_315' title='bbox 494 1931 577 1962; x_wconf 72' lang='lat' dir='ltr'><strong>ordo</strong></span> <span class='ocrx_word' id='word_1_316' title='bbox 601 1933 637 1962; x_wconf 87' lang='lat' dir='ltr'><strong>in</strong></span> <span class='ocrx_word' id='word_1_317' title='bbox 669 1934 732 1964; x_wconf 87' lang='lat' dir='ltr'><strong>tria</strong></span> <span class='ocrx_word' id='word_1_318' title='bbox 753 1933 956 1978; x_wconf 87' lang='lat' dir='ltr'><strong>plerumque</strong></span> <span class='ocrx_word' id='word_1_319' title='bbox 980 1946 1103 1975; x_wconf 82' lang='lat' dir='ltr'><strong>genera</strong></span> <span class='ocrx_word' id='word_1_320' title='bbox 1128 1932 1319 1965; x_wconf 87' lang='lat' dir='ltr'><strong>dividitur:</strong></span> <span class='ocrx_word' id='word_1_321' title='bbox 1345 1933 1382 1964; x_wconf 86' lang='lat' dir='ltr'><strong>in</strong></span> <span class='ocrx_word' id='word_1_322' title='bbox 1404 1935 1524 1976; x_wconf 75' lang='lat' dir='ltr'><strong>hylam</strong></span> <span class='ocrx_word' id='word_1_323' title='bbox 1545 1946 1603 1966; x_wconf 89' lang='lat' dir='ltr'><strong>seu</strong></span> <span class='ocrx_word' id='word_1_324' title='bbox 1622 1936 1851 1977; x_wconf 68' lang='lat' dir='ltr'><strong>calamitum,</strong></span> 
     </span>
     <span class='ocr_line' id='line_1_32' title="bbox 162 1986 1853 2038; baseline 0.004 -20"><span class='ocrx_word' id='word_1_325' title='bbox 162 1986 324 2029; x_wconf 78' lang='lat' dir='ltr'><strong>bufonem</strong></span> <span class='ocrx_word' id='word_1_326' title='bbox 361 1997 394 2017; x_wconf 83' lang='lat' dir='ltr'><strong>et</strong></span> <span class='ocrx_word' id='word_1_327' title='bbox 426 2000 560 2019; x_wconf 72' lang='lat' dir='ltr'><strong>ranam.</strong></span> <span class='ocrx_word' id='word_1_328' title='bbox 607 1988 675 2020; x_wconf 89' lang='lat' dir='ltr'><strong>Alii</strong></span> <span class='ocrx_word' id='word_1_329' title='bbox 703 1989 802 2032; x_wconf 85' lang='lat' dir='ltr'><strong>plura</strong></span> <span class='ocrx_word' id='word_1_330' title='bbox 831 2003 955 2032; x_wconf 82' lang='lat' dir='ltr'><strong>genera</strong></span> <span class='ocrx_word' id='word_1_331' title='bbox 990 1998 1241 2034; x_wconf 86' lang='lat' dir='ltr'><strong>proposuerunt</strong></span> <span class='ocrx_word' id='word_1_332' title='bbox 1276 2001 1305 2021; x_wconf 90' lang='lat' dir='ltr'><strong>e.</strong></span> <span class='ocrx_word' id='word_1_333' title='bbox 1332 2002 1361 2031; x_wconf 79' lang='lat' dir='ltr'><strong>g.</strong></span> <span class='ocrx_word' id='word_1_334' title='bbox 1413 1989 1467 2022; x_wconf 77' lang='lat' dir='ltr'><strong>Cl·</strong></span> <span class='ocrx_word' id='word_1_335' title='bbox 1491 1991 1675 2023; x_wconf 87' lang='lat' dir='ltr'><strong>Merrem</strong></span> <span class='ocrx_word' id='word_1_336' title='bbox 1700 1993 1767 2035; x_wconf 88' lang='lat'><strong>(1)</strong></span> <span class='ocrx_word' id='word_1_337' title='bbox 1794 1995 1853 2038; x_wconf 79' lang='lat' dir='ltr'><strong>qui</strong></span> 
     </span>
     <span class='ocr_line' id='line_1_33' title="bbox 162 2045 1854 2091; baseline 0.005 -17"><span class='ocrx_word' id='word_1_338' title='bbox 162 2045 309 2075; x_wconf 68' lang='lat' dir='ltr'><strong>armaris</strong></span> <span class='ocrx_word' id='word_1_339' title='bbox 334 2057 387 2075; x_wconf 82' lang='lat' dir='ltr'><strong>sex</strong></span> <span class='ocrx_word' id='word_1_340' title='bbox 419 2056 541 2085; x_wconf 72' lang='lat' dir='ltr'><strong>genera</strong></span> <span class='ocrx_word' id='word_1_341' title='bbox 566 2045 706 2077; x_wconf 84' lang='lat' dir='ltr'><strong>tribuit:</strong></span> <span class='ocrx_word' id='word_1_342' title='bbox 734 2049 941 2080; x_wconf 77' lang='lat' dir='ltr'><strong>calczmilczm</strong></span> <span class='ocrx_word' id='word_1_343' title='bbox 963 2059 1019 2079; x_wconf 83' lang='lat' dir='ltr'><strong>seu</strong></span> <span class='ocrx_word' id='word_1_344' title='bbox 1041 2048 1180 2091; x_wconf 76' lang='lat' dir='ltr'><strong>hylam,</strong></span> <span class='ocrx_word' id='word_1_345' title='bbox 1205 2059 1351 2087; x_wconf 76' lang='lat' dir='ltr'><strong>ranam,</strong></span> <span class='ocrx_word' id='word_1_346' title='bbox 1376 2047 1645 2090; x_wconf 75' lang='lat' dir='ltr'><strong>brevicz&#39;pitem,</strong></span> <span class='ocrx_word' id='word_1_347' title='bbox 1669 2049 1854 2082; x_wconf 74' lang='lat' dir='ltr'><strong>bombina-</strong></span> 
     </span>
     <span class='ocr_line' id='line_1_34' title="bbox 162 2102 1851 2149; baseline 0.004 -17"><span class='ocrx_word' id='word_1_348' title='bbox 162 2106 294 2136; x_wconf 84' lang='lat' dir='ltr'><strong>torem,</strong></span> <span class='ocrx_word' id='word_1_349' title='bbox 312 2103 440 2142; x_wconf 69' lang='lat' dir='ltr'><strong>Jn&#39;lmm</strong></span> <span class='ocrx_word' id='word_1_350' title='bbox 465 2111 497 2133; x_wconf 83' lang='lat' dir='ltr'><strong>et</strong></span> <span class='ocrx_word' id='word_1_351' title='bbox 523 2102 710 2143; x_wconf 69' lang='lat' dir='ltr'><strong>bzzszmem5</strong></span> <span class='ocrx_word' id='word_1_352' title='bbox 738 2116 840 2146; x_wconf 84' lang='lat' dir='ltr'><strong>quam</strong></span> <span class='ocrx_word' id='word_1_353' title='bbox 865 2104 1066 2137; x_wconf 83' lang='lat' dir='ltr'><strong>divisionem</strong></span> <span class='ocrx_word' id='word_1_354' title='bbox 1083 2113 1194 2136; x_wconf 87' lang='lat' dir='ltr'><strong>autem</strong></span> <span class='ocrx_word' id='word_1_355' title='bbox 1217 2105 1395 2146; x_wconf 86' lang='lat' dir='ltr'><strong>(nesciens</strong></span> <span class='ocrx_word' id='word_1_356' title='bbox 1424 2117 1467 2136; x_wconf 87' lang='lat' dir='ltr'><strong>an</strong></span> <span class='ocrx_word' id='word_1_357' title='bbox 1492 2105 1691 2139; x_wconf 78' lang='lat' dir='ltr'><strong>auctoritate</strong></span> <span class='ocrx_word' id='word_1_358' title='bbox 1721 2106 1851 2149; x_wconf 80' lang='lat' dir='ltr'><strong>gaude·</strong></span> 
     </span>
    </p>
   </div>
   <div class='ocr_carea' id='block_1_3' title="bbox 161 2157 780 2200">
    <p class='ocr_par' dir='ltr' id='par_1_10' title="bbox 161 2157 780 2200">
     <span class='ocr_line' id='line_1_35' title="bbox 161 2157 780 2200; baseline 0.005 -12"><span class='ocrx_word' id='word_1_359' title='bbox 161 2157 260 2200; x_wconf 86' lang='lat' dir='ltr'><strong>ret),</strong></span> <span class='ocrx_word' id='word_1_360' title='bbox 288 2170 355 2188; x_wconf 83' lang='lat' dir='ltr'><strong>nou</strong></span> <span class='ocrx_word' id='word_1_361' title='bbox 379 2159 537 2199; x_wconf 66' lang='lat' dir='ltr'><strong>amplecti</strong></span> <span class='ocrx_word' id='word_1_362' title='bbox 563 2171 677 2190; x_wconf 82' lang='lat' dir='ltr'><strong>ausum</strong></span> <span class='ocrx_word' id='word_1_363' title='bbox 697 2172 780 2192; x_wconf 84' lang='lat' dir='ltr'><strong>sum.</strong></span> 
     </span>
    </p>
   </div>
   <div class='ocr_carea' id='block_1_4' title="bbox 204 2213 1429 2258">
    <p class='ocr_par' dir='ltr' id='par_1_11' title="bbox 204 2213 1429 2258">
     <span class='ocr_line' id='line_1_36' title="bbox 204 2213 1429 2258; baseline 0.004 -11"><span class='ocrx_word' id='word_1_364' title='bbox 204 2213 326 2247; x_wconf 79' lang='lat' dir='ltr'><strong>Nostra</strong></span> <span class='ocrx_word' id='word_1_365' title='bbox 349 2215 447 2255; x_wconf 54' lang='lat' dir='ltr'><strong>igitur</strong></span> <span class='ocrx_word' id='word_1_366' title='bbox 474 2214 592 2246; x_wconf 65' lang='lat' dir='ltr'><strong>‹lix-isio</strong></span> <span class='ocrx_word' id='word_1_367' title='bbox 615 2215 887 2250; x_wconf 61' lang='lat' dir='ltr'><strong>batrachiormn</strong></span> <span class='ocrx_word' id='word_1_368' title='bbox 909 2216 1147 2258; x_wconf 80' lang='lat' dir='ltr'><strong>indigenorum</strong></span> <span class='ocrx_word' id='word_1_369' title='bbox 1171 2217 1218 2250; x_wconf 80' lang='lat' dir='ltr'><strong>sic</strong></span> <span class='ocrx_word' id='word_1_370' title='bbox 1243 2229 1277 2250; x_wconf 88' lang='lat' dir='ltr'><strong>se</strong></span> <span class='ocrx_word' id='word_1_371' title='bbox 1300 2218 1429 2253; x_wconf 68' lang='lat' dir='ltr'><strong>hahett</strong></span> 
     </span>
    </p>
   </div>
   <div class='ocr_carea' id='block_1_5' title="bbox 1760 2278 1850 2310">
    <p class='ocr_par' dir='ltr' id='par_1_12' title="bbox 1760 2278 1850 2310">
     <span class='ocr_line' id='line_1_37' title="bbox 1760 2278 1850 2310; baseline 0 0"><span class='ocrx_word' id='word_1_372' title='bbox 1760 2278 1784 2310; x_wconf 86' lang='lat' dir='ltr'>B</span> <span class='ocrx_word' id='word_1_373' title='bbox 1798 2278 1850 2310; x_wconf 76' lang='lat' dir='ltr'><strong>A-</strong></span> 
     </span>
    </p>
   </div>
   <div class='ocr_carea' id='block_1_6' title="bbox 204 2359 1269 2401">
    <p class='ocr_par' dir='ltr' id='par_1_13' title="bbox 204 2359 1269 2401">
     <span class='ocr_line' id='line_1_38' title="bbox 204 2359 1269 2401; baseline 0.007 -16"><span class='ocrx_word' id='word_1_374' title='bbox 204 2359 257 2394; x_wconf 85' lang='lat'><strong>(1)</strong></span> <span class='ocrx_word' id='word_1_375' title='bbox 276 2360 415 2388; x_wconf 52' lang='lat' dir='ltr'><strong>masin&gt;</strong></span> <span class='ocrx_word' id='word_1_376' title='bbox 441 2363 594 2394; x_wconf 66' lang='lat' dir='ltr'><strong>Mei-rem,</strong></span> <span class='ocrx_word' id='word_1_377' title='bbox 615 2368 746 2391; x_wconf 74' lang='lat' dir='ltr'><strong>tentamen</strong></span> <span class='ocrx_word' id='word_1_378' title='bbox 766 2366 913 2398; x_wconf 74' lang='lat' dir='ltr'><strong>systematis</strong></span> <span class='ocrx_word' id='word_1_379' title='bbox 928 2366 1117 2401; x_wconf 81' lang='lat' dir='ltr'><strong>amphibiorum</strong></span> <span class='ocrx_word' id='word_1_380' title='bbox 1144 2374 1198 2400; x_wconf 71' lang='lat' dir='ltr'>pag.</span> <span class='ocrx_word' id='word_1_381' title='bbox 1215 2367 1269 2395; x_wconf 77' lang='lat'>103.</span> 
     </span>
    </p>
   </div>
  </div>
 </body>
</html>
